1742 3016
376 133 464 179 146

435 243 546 305 linqe
589 241 822 304 Uplandiae.
858 242 914 288 ad
948 243 1163 305 marqines
1197 244 1405 306 tuo-forum
1439 245 1485 290 in
1519 244 1643 307 palu-

434 309 566 356 dibus.
605 309 716 373 (Sm.
743 309 947 374 denique
972 309 1262 373 adscripsitz)
1291 309 1478 357 Malaaeis
1496 310 1580 358 Sw.
1602 307 1644 356 7.

504 387 611 433 Haec
645 387 840 433 omnino
875 396 943 433 est
979 385 1176 433 Sturmia
1212 387 1383 434 Loeselii
1416 391 1537 434 Λυσι.
1581 406 1646 434 re-

435 462 551 505 cent„
587 470 680 499 non
717 453 925 517 quidem,
954 462 1155 499 testante
1184 453 1296 510 loco,
1325 471 1463 518 supra
1490 456 1647 510 citato,

437 520 686 585 adscripto,
738 520 794 565 ad
853 519 1100 575 Hillebola,
1153 522 1233 583 qui
1275 520 1398 567 solus
1437 521 1562 568 locus
1598 522 1647 567 in

437 586 507 634 Fl.
544 588 670 633 Suec.
707 587 958 639 indicatur,
995 586 1127 640 lecta,
1163 587 1242 632 sed
1279 587 1370 633 alio
1395 587 1650 651 Uplandiae

437 655 579 700 etiam
617 652 730 710 loco,
766 654 845 716 qui
883 670 934 699 eo
973 655 1157 716 majoris
1197 654 1385 700 videtur
1420 671 1516 701 esse
1549 670 1650 700 mo-

438 721 587 766 menti
642 729 688 765 et
737 737 789 765 eo
825 719 1025 782 dignior,
1065 729 1112 765 ut
1149 738 1254 766 eum
1294 729 1650 784 perscrutentur

437 787 664 841 Botanici‚
701 786 827 850 quod
863 804 919 832 ex
957 788 1110 850 priore
1140 786 1239 833 loco
1267 797 1370 851 post
1398 789 1647 834 Linnaeum

439 870 579 900 nemo
618 853 792 899 viderit
826 851 1075 905 Simmiam,
1109 853 1374 917 complures
1415 871 1522 900 vero
1559 854 1651 900 Ma-

436 920 524 966 laoe.
576 920 826 982 paludosam
883 921 1242 983 reportaverint,
1296 920 1412 966 dum
1459 937 1515 966 ex
1551 920 1653 966 loco

440 987 579 1032 hocce
615 986 717 1031 heic
752 994 1014 1031 asservetur
1044 987 1139 1049 ipsa
1168 985 1227 1031 Sc.
1256 986 1426 1032 Loeselii
1451 988 1651 1049 optima3

441 1055 570 1119 cujus
615 1053 757 1114 igitur
811 1068 986 1097 novum
1032 1050 1202 1105 locum,
1246 1054 1560 1098 certissimum
1602 1061 1653 1097 ut

443 1120 693 1183 spe10,in
748 1118 905 1164 Suecia
952 1117 1105 1164 media
1149 1119 1374 1195 primunr,
1412 1120 1459 1165 in
1498 1118 1652 1165 lucem

445 1202 605 1232 vocale
640 1195 779 1249 atque
816 1185 1051 1230 Botanicis
1088 1187 1235 1231 nostti
1277 1187 1363 1232 aevi
1401 1184 1653 1249 Upsalien-

441 1251 581 1304 sibus,
617 1260 668 1297 ut
703 1251 999 1307 confirment,
1037 1252 1368 1298 commendare
1403 1252 1590 1315 gaudeo,

379 1353 482 1417 (10)
517 1351 566 1399 Ο.
603 1351 772 1397 Loeselii
807 1360 892 1409 (m.
931 1368 1085 1415 propr.
1120 1368 1249 1415 aeque
1285 1368 1337 1397 ac
1373 1368 1516 1416 prope
1551 1368 1654 1416 spe-

442 1420 642 1475 cimenz)
680 1417 789 1464 Hall.
818 1417 888 1464 all.
917 1418 1098 1477 (vocab.
1129 1435 1324 1482 sequens
1354 1417 1502 1481 legere
1530 1419 1655 1464 haud

445 1487 600 1550 potui)
635 1484 794 1532 Schreb.

510 1562 686 1609 Eadem
726 1572 794 1608 est
830 1580 881 1608 ac
916 1562 1206 1609 antecedens.

380 1664 488 1721 (11)
525 1660 729 1724 paludosa
765 1665 793 1707 9
829 1663 910 1725 (m.
949 1679 1124 1726 propr.;
1172 1664 1263 1708 Sm.
1299 1662 1527 1723 addiditz)
1562 1662 1656 1707 Ma-

447 1727 560 1774 laoeis
594 1726 678 1773 Sw.
713 1726 752 1773 5.

513 1807 586 1852 Ex
614 1807 743 1851 omni
775 1814 905 1869 parte
929 1815 997 1851 est
1018 1805 1115 1851 Mal.
1134 1805 1336 1868 paludosa
1353 1804 1439 1851 Sw.
1458 1814 1496 1851 et
1517 1805 1658 1857 Auct.‚·

449 1870 772 1936 quamobrem,
817 1881 955 1935 atque
991 1889 1135 1935 quum
1172 1870 1305 1947 Ophr..
1340 1871 1509 1917 Loeselii
1542 1888 1658 1935 quo-

449 1956 537 2002 que
574 1955 681 1984 cum
719 1939 905 2002 scriptis
941 1940 1124 1984 Linnaei
1160 1948 1205 1983 et
1233 1940 1454 2002 opinione
1486 1939 1658 1984 Recen-

449 2007 624 2051 tiorum
678 2006 872 2050 omnino
923 2014 1158 2067 congruat,
1215 2006 1418 2051 maxime
1470 2004 1659 2051 videtur

448 2073 642 2127 mirum,
679 2072 735 2117 M.
772 2071 1014 2133 paludosam
1041 2089 1094 2118 ex
1128 2071 1361 2118 Hillebola
1390 2070 1657 2134 Uplaudiae,

450 2148 502 2185 ut
545 2147 703 2184 tamen
746 2138 1011 2202 putandum
1048 2148 1129 2193 est,
1167 2137 1304 2184 fuisse
1341 2139 1388 2184 in
1427 2136 1496 2184 ΡΙ.
1532 2137 1656 2183 Suec.

450 2205 522 2251 ed.
567 2204 598 2250 2
632 2222 739 2251 cum
779 2204 946 2250 Loeselii
979 2213 1414 2255 comn1utat31n,-ct
1452 2204 1529 2250 vix
1566 2202 1659 2249 alio

449 2271 592 2317 modo
634 2271 858 2335 explicari
906 2271 991 2317 hoc
1028 2280 1190 2335 potest,
1227 2272 1315 2317 nisi
1355 2271 1431 2324 ita,
1469 2278 1520 2316 ut
1554 2287 1657 2334 spe-

451 2339 625 2383 cimina
661 2355 714 2383 cx
755 2337 855 2383 loco
889 2336 974 2383 illo
1003 2354 1258 2400 numquam
1288 2335 1463 2382 fuerint
1490 2353 1512 2381 a
1542 2337 1685 2382 Lin--

453 2420 551 2450 naeo
590 2404 698 2459 visa,
734 2403 809 2449 sed
858 2421 881 2448 a
927 2404 1182 2465 Loessingio
1222 2404 1331 2455 solo,
1375 2403 1454 2466 qui
1502 2402 1655 2449 locum

455 2470 749 2525 indicaverit,
784 2479 922 2532 atque
960 2469 1035 2515 hic
1069 2471 1210 2531 igitur
1245 2471 1430 2524 erroris,
1466 2470 1503 2516 si
1539 2470 1658 2534 quis,

454 2544 613 2583 auctor
649 2535 803 2583 fuerit.
