1742 3016
370 131 460 176 1:32

433 242 580 289 latum
627 246 718 309 jam
762 245 993 292 Smitliius
1042 245 1204 296 voluit,
1244 249 1464 310 cujusque
1501 245 1640 293 habet

432 318 564 355 notas
599 311 874 358 essentiales,
943 311 1016 358 Ob
1046 312 1244 358 sormam
1276 312 1512 367 foliorum,
1543 315 1640 377 pri-

432 393 510 422 mo
544 376 710 424 obtutu
750 379 798 424 H.
835 378 1024 441 paludosi
1059 379 1180 425 haud
1221 379 1519 435 dissimilem,
1557 380 1642 426 hoc

432 441 531 489 loco
566 444 793 490 insertum
837 445 1036 492 videtur.

367 553 469 616 (14)
504 554 734 600 sabaudum
784 554 846 601 25
897 556 978 619 (m.
1024 573 1201 620 propr.;
1245 564 1348 620 post
1386 555 1512 621 quod
1548 556 1642 603 Sm-

431 620 661 685 addiditz)
698 622 993 684 prenunthoidi
1025 622 1153 685 affine.

495 711 644 756 Locus
679 712 834 756 omnis
860 711 1004 765 deest,
1032 712 1190 775 itaque
1219 711 1347 756 nulla
1376 727 1530 757 caussa
1560 719 1643 766 est,

429 793 513 822 cur
557 776 642 823 hoc
685 778 922 841 specimen
965 795 1050 840 pro
1087 778 1245 841 planta
1283 777 1521 823 Lecheana
1559 777 1641 822 ha—

431 841 662 898 ben-emus,
699 846 827 908 cujus
863 846 911 890 in
950 843 1020 890 Fl.
1051 845 1178 890 Suec.
1210 845 1388 890 mentio
1418 844 1531 889 facta
1561 852 1643 897 est,

427 918 472 955 et
507 926 623 973 quae,
660 908 761 955 loco
797 909 862 956 ibi
902 919 1161 956 memorato
1198 927 1323 955 nunc
1351 911 1493 955 etiam
1524 918 1643 955 tem-

430 977 556 1039 poris
607 993 829 1031 crescens,
884 977 1053 1022 merito
1095 976 1154 1021 ad
1199 975 1354 1021 boreale
1393 976 1462 1021 Fr.
1500 975 1643 1021 relata

428 1051 519 1117 est}
571 1041 653 1087 sed
705 1059 790 1105 pro
831 1041 1006 1105 planta,
1042 1059 1066 1087 a
1104 1051 1314 1106 tempore
1355 1059 1496 1105 usque
1529 1042 1646 1087 Lin-

431 1110 518 1154 naei
556 1109 604 1153 in
643 1108 698 1153 H.
735 1108 835 1154 Bot.
872 1109 986 1172 Ups.
1022 1107 1146 1154 culta
1185 1119 1230 1154 ct
1266 1109 1315 1154 in
1355 1109 1538 1171 regione
1577 1109 1647 1153 vi-

430 1176 533 1222 cina
591 1174 730 1220 hodie
781 1174 980 1230 efferata,
1026 1192 1166 1239 quam
1204 1175 1322 1220 duce
1359 1174 1433 1220 Ill.
1470 1174 1648 1221 Friesio

429 1244 517 1308 jam
556 1240 770 1305 plerique
804 1243 1013 1288 Botauici
1047 1259 1211 1288 verum
1241 1250 1533 1318 agnoverunt
1552 1258 1646 1287 esse

430 1310 484 1355 H.
527 1308 759 1354 sabaudum
805 1309 846 1359 L
890 1307 965 1370 Sp.
1001 1308 1076 1361 PL,
1112 1325 1164 1354 eo
1202 1308 1394 1354 meliore
1429 1309 1528 1372 jure
1565 1307 1646 1353 ha-

430 1374 530 1428 beo,
573 1374 698 1439 quod
743 1393 850 1421 cum
893 1375 1207 1439 desciiptione
1247 1384 1340 1420 tam
1378 1375 1647 1428 Liunaeana,

432 1459 571 1506 quam
629 1442 862 1488 Frziesiuia
915 1443 965 1488 in
1019 1435 1423 1504 Svmb.Hie'1ac.‚
1469 1442 1647 1504 optime

433 1510 696 1564 conveniat,
733 1518 871 1573 atque
907 1509 1155 1572 specimiui
1191 1506 1477 1571 Upsuliensi‚
1522 1523 1649 1553 nunc

435 1576 660 1639 temporis
714 1574 832 1621 lecto
878 1585 924 1621 et
959 1574 1264 1638 compaiandi
1301 1591 1454 1620 caussa
1491 1573 1647 1628 allato,

433 1641 734 1687 simillimum
773 1642 847 1687 sit.
902 1641 947 1686 Α.
975 1640 1128 1686 boreali
1157 1640 1228 1685 Fr
1256 1649 1293 1685 et
1322 1656 1398 1685 sec.
1412 1656 1508 1685 eum
1526 1637 1647 1684 Auct.

434 1707 574 1753 scand.
626 1717 785 1758 r..,ecem
837 1724 943 1753 cum
997 1723 1090 1770 quo
1134 1723 1156 1751 a
1201 1705 1404 1752 Smithio
1448 1704 1647 1768 aliisque

435 1774 669 1820 Botanicis
697 1775 903 1820 externis
932 1772 1256 1836 compluribus
1274 1771 1518 1818 confusum
1544 1771 1647 1824 fuit,

435 1840 605 1887 iisdem
659 1839 752 1886 sere
803 1839 1024 1886 omnibus
1068 1838 1228 1884 differt
1274 1839 1409 1891 notis,
1449 1854 1562 1901 quas
1597 1838 1648 1882 in

436 1905 673 1970 Symbolis
709 1906 843 1953 dedit
878 1905 975 1953 Cel.
1003 1906 1221 1961 I⁴riesius‚
1249 1922 1286 1950 c
1320 1921 1360 1950 v.
1391 1902 1515 1950 foliis
1542 1920 1650 1949 cau-

437 1972 548 2019 linis
585 1972 805 2019 omnibus
840 1971 1261 2036 amplexic·=ulibus
1285 1969 1651 2016 cordato-ovatis

439 2040 646 2094 hirsutis,
702 2039 822 2104 pube
880 2038 1113 2085 involucri
1167 2048 1212 2084 et
1273 2035 1650 2102 pedunculorum

438 2105 724 2171 glandulosa,
762 2115 807 2152 et
842 2107 1019 2152 cetenis.

504 2194 642 2254 Quod
693 2194 752 2241 ad
803 2194 1179 2241 observationem
1223 2191 1415 2239 smithii
1459 2189 1648 2236 citatam

441 2263 626 2316 attinet,
665 2270 766 2325 post
795 2278 965 2307 nomen
999 2261 1134 2327 hujus
1161 2258 1432 2324 speciminis
1451 2257 1500 2302 in
1522 2254 1651 2302 herb.

444 2328 671 2383 additam,
707 2327 900 2373 difficile
934 2337 1002 2374 est
1036 2326 1311 2392 dijudicatu,
1346 2340 1405 2369 an
1444 2339 1548 2368 vera
1576 2323 1650 2376 sit,

444 2411 591 2458 quum
645 2393 768 2439 haud
823 2393 941 2439 bene
993 2401 1186 2443 constet,
1247 2407 1386 2455 quam
1449 2389 1650 2454 speciem

446 2460 675 2508 Smithius
726 2459 812 2505 sub
858 2461 1048 2506 nomine
1081 2456 1371 2521 prenuntlzoid.
1407 2456 1457 2502 in
1496 2463 1652 2502 mente

449 2526 653 2574 habeuet.
