1742 3016
284 174 350 221 42

417 283 658 340 Quantum
714 281 762 326 in
816 281 1004 344 specim.
1054 282 1222 327 siccato
1268 279 1422 327 videre
1457 280 1579 336 licet,

350 349 439 395 hoc
456 363 648 412 gramen
669 345 910 410 Calamaqr.
932 346 1162 393 lanceolata
1173 347 1311 393 Auen.
1327 356 1477 393 recent.
1495 357 1579 393 est.

284 447 355 512 (6)
393 446 567 493 Arundo
601 445 737 492 culmo
771 462 934 491 ramoso
970 446 1035 492 Fl.
1068 448 1200 509 Lapp.
1230 447 1392 510 (manu
1424 462 1580 509 propr.

350 515 401 559 in
457 513 618 576 pagina
662 510 860 575 plagulae
906 513 1102 576 postica;
1142 522 1389 576 posteaque
1423 528 1448 556 a
1483 511 1579 557 Sm.

349 579 566 625 additum
578 579 607 640 ς)
643 587 711 622 not
746 578 812 624 the
845 578 1012 641 orqinal
1047 578 1190 641 Spec„
1217 579 1350 624 which
1377 593 1469 623 was
1491 576 1580 622 lost.

350 645 442 692 Sec.
479 644 548 692 Fl.
587 645 719 706 Lapp.

416 721 682 785 Specimina
718 721 828 773 duo,
871 738 1072 784 quorum
1115 737 1257 766 unum
1297 720 1472 784 optima
1511 728 1581 766 est

349 787 592 850 Calamaqr.
644 786 886 836 lanceolata,
939 787 1141 832 alterum
1200 803 1306 832 vei-0
1350 786 1465 833 facie
1509 785 1581 832 ‹li-

352 871 556 907 versum,
607 855 789 899 etiamsi
836 851 953 898 nulli
999 852 1291 897 characteres
1330 852 1375 897 id
1412 853 1580 898 distin-

348 928 513 982 guunt,
550 920 636 965 nisi
672 919 797 983 quod
836 918 915 983 pili
953 917 1242 982 spicularum
1267 917 1579 964 confervoidei

349 995 458 1032 sunt.

281 1074 351 1139 (9)
386 1072 588 1118 Phalaris
623 1072 914 1117 arundinacea
946 1078 972 1126 β
1010 1070 1063 1115 H.
1083 1070 1133 1114 B.
1171 1071 1331 1132 (manu
1369 1069 1578 1123 Smithii,

355 1147 511 1202 postea
555 1155 662 1184 vero
698 1137 957 1201 additum:)
993 1153 1058 1187 no,
1093 1138 1169 1180 no!
1206 1134 1246 1196 (a
1286 1152 1427 1182 manu
1469 1136 1582 1181 Lin-

349 1205 440 1250 naei
478 1213 658 1249 tantum
710 1219 849 1266 prope
885 1204 1164 1266 specimem)
1205 1203 1336 1264 Lapp.
1380 1200 1426 1248 S.
1463 1201 1508 1264 (i.
1543 1218 1579 1247 e.

349 1271 605 1333 Lapponia,
643 1269 898 1333 Solander).

412 1347 514 1399 Est,
566 1346 717 1411 quoad
771 1346 1062 1392 characteres
1114 1361 1289 1399 omnes,
1333 1345 1576 1407 Calamaqr.

348 1413 572 1481 lapponz'ca
610 1414 704 1475 Wq.

218 1525 325 1570 100.
378 1524 581 1568 ELYMUS.

278 1609 352 1672 (2)
387 1612 572 1655 caninus
607 1638 672 1644 —-
707 1611 759 1654 B.
805 1606 836 1651 7
880 1608 960 1672 (un.
1012 1625 1184 1670 propr„
1229 1617 1371 1670 atque
1410 1609 1456 1652 in
1495 1623 1577 1670 pa-

350 1677 454 1738 gina
508 1675 651 1720 altera
668 1675 699 1738 z)
745 1674 925 1735 Elymus
969 1674 1177 1718 Triticum
1211 1673 1350 1718 radice
1385 1674 1575 1734 perenni,

345 1740 523 1803 spiculis
558 1741 669 1786 binis
705 1739 947 1802 lonqissime
983 1740 1186 1784 aristatis.
1241 1736 1371 1784 Gmel.
1409 1738 1482 1785 25.

412 1817 619 1864 Omnino
654 1834 759 1862 cum
798 1817 953 1861 Tritico
987 1820 1140 1860 canino
1177 1815 1314 1860 Auca.
1347 1815 1575 1874 congruit,

346 1884 528 1930 etiamsi
583 1882 719 1928 facies
774 1881 931 1945 paullo
985 1882 1238 1943 peculiaris
1289 1890 1370 1933 est,
1426 1898 1572 1944 quum

349 1949 539 2014 spiculae
603 1950 738 1993 unius
798 1947 1070 2011 speciminis
1126 1947 1315 1999 infimae,
1377 1946 1575 1993 alterius

347 2017 578 2080 pleraequc
614 2013 738 2060 binae
774 2015 882 2066 sint,
918 2013 1046 2076 quod
1087 2029 1244 2059 caussa
1280 2012 1462 2058 videtur
1480 2029 1575 2060 esse

346 2080 671 2144 descriptionis
707 2089 752 2124 et
786 2095 924 2142 supra
974 2080 1126 2125 citatae
1169 2088 1215 2124 ct
1252 2081 1299 2125 iu
1340 2078 1408 2125 Fl.
1445 2079 1572 2124 Suec.

345 2148 479 2200 datae,
529 2157 573 2192 et
616 2146 738 2209 quod
786 2147 973 2209 quidem
1016 2163 1103 2191 non
1141 2161 1324 2209 semper
1361 2146 1574 2200 occurrit,

343 2215 392 2260 in
426 2212 538 2258 locis
573 2221 728 2257 tamen
769 2211 996 2256 umbrosis
1036 2229 1127 2257 uon
1167 2228 1324 2257 rarum
1360 2219 1440 2256 est.

278 2313 348 2377 (3)
400 2312 581 2357 caninus
632 2310 711 2372 (m.
770 2326 946 2372 p1'0p1·.;
991 2328 1013 2354 a
1059 2327 1196 2354 manu
1251 2309 1442 2372 aliena2)
1493 2306 1570 2353 57.

346 2379 553 2424 Triticum
589 2378 873 2421 cam‘num—
891 2373 1078 2421 Gramen
1105 2376 1310 2421 caninum
1342 2377 1572 2420 aristatum

345 2443 486 2489 radice
507 2460 589 2487 non
607 2451 775 2504 repente
791 2469 848 2477 --
861 2441 1115 2502 sylvaticum
1136 2442 1184 2486 R.
1200 2439 1305 2501 Syn.
1324 2441 1423 2486 590.
1440 2442 1568 2488 NvP.

412 2520 570 2565 Etiam
594 2519 696 2564 Tric.
715 2520 918 2564 caninum
939 2519 1070 2563 Aue-tt.
1092 2517 1283 2562 omnino
1302 2527 1385 2576 est,
1422 2518 1567 2564 forma

343 2594 500 2632 autem
541 2585 853 2648 vulgatissima
889 2583 1082 2649 spiculis
1125 2583 1328 2645 singulis.
