1742 3016
1321 148 1380 193 19

208 254 329 313 licat,
385 253 591 317 hybrida
645 255 703 299 sit
765 253 938 314 planta,
990 256 1055 302 xe!
1107 257 1254 303 forma
1294 259 1449 321 potins

204 323 321 367 mira
362 322 417 367 V.
453 321 642 385 spicatae
689 324 835 382 major
883 321 1102 386 foliisque
1146 324 1264 381 aliis,
1301 342 1444 388 quam

205 389 368 444 forma,
420 388 495 434 cni
553 386 691 433 hodie
748 387 834 432 hoc
888 405 1059 434 nornen
1106 389 1353 454 (hybrida)
1397 393 1445 438 in

201 455 365 500 Suecia
421 453 586 499 saltem
636 451 876 505 tribuitur,
928 463 973 500 et
1018 457 1092 500 cui
1142 458 1342 503 minime
1377 468 1449 504 est

204 520 377 567 similis
413 520 576 585 planta
616 519 814 572 Linnaei,
851 537 972 583 quae,
1012 523 1151 568 unico
1192 525 1450 571 verisimile

201 588 458 651 specimine
496 595 691 651 reperto,
747 585 872 632 band
914 585 1032 633 bene
1071 591 1248 653 species
1285 592 1449 655 appel-

202 653 340 700 landa
380 662 462 700 est.

134 742 212 808 (9)
248 741 455 788 saoeatilis
489 742 531 806 (a
572 759 714 788 mann
755 743 906 805 ignota
947 744 1189 790 recentiori
1225 754 1296 790 est
1332 746 1450 791 scri-

203 818 354 874 ptum,
399 817 541 873 atque
587 809 635 855 in
684 810 945 870 fragmento
990 811 1159 874 papyri
1198 828 1221 856 a
1261 812 1448 876 plagula

200 878 299 941 ipsa
337 875 542 931 diverso,
575 875 635 922 ab
670 876 760 921 alia
801 893 959 931 manu,
992 878 1071 923 vix
1112 877 1340 944 Linnaei2)
1371 881 1450 926 N.·o

200 946 233 989 Ξ
270 943 472 989 Veronica
504 941 772 1006 fruticulosa.

271 1019 435 1067 Planta
477 1022 613 1086 plane
659 1030 730 1067 est
768 1020 813 1066 V.
850 1020 1054 1068 saxatilis
1100 1021 1238 1068 Auctc.
1276 1023 1445 1070 Recent.

136 1109 241 1173 (¹0)
290 1109 544 1172 sruticulosa
596 1109 759 1174 (mann
810 1128 981 1174 propr„
1024 1128 1156 1176 aeque
1193 1129 1245 1158 ac
1282 1111 1448 1177 locusz)

203 1175 353 1222 Island
377 1206 432 1212 —
454 1178 495 1240 (a
534 1177 668 1241 Sina)
705 1177 908 1222 saxatilis
942 1177 1081 1224 J.E.S.

272 1254 453 1300 Eadem
491 1263 560 1300 est
597 1272 650 1300 ac
679 1254 979 1310 antece‹.lenS‚
1008 1254 1086 1301 sed
1120 1259 1263 1320 major
1285 1256 1448 1304 forma.

271 1332 379 1377 Sine
431 1332 637 1385 nomine,
686 1349 882 1378 numero
932 1331 1104 1390 locove,
1141 1334 1222 1380 sed
1258 1335 1309 1380 in
1347 1334 1448 1399 pla-

204 1396 326 1460 gula,
362 1398 420 1450 ei,
456 1415 561 1462 quae
601 1399 645 1444 V.
684 1398 880 1461 alpinam
917 1401 1141 1453 continet,
1184 1400 1449 1448 cohaerente

200 1465 457 1529 specimina
494 1465 636 1510 etiam
673 1474 988 1520 asservantur,
1025 1483 1131 1531 quae
1160 1467 1220 1514 ad
1253 1469 1448 1514 V.sc1oea-

200 1530 331 1582 cilem,
369 1547 455 1576 nec
491 1530 700 1593 alpinam,
741 1533 994 1595 pertinent.

133 1618 235 1684 (19)
288 1620 471 1682 aqrescis
515 1619 572 1664 91
617 1619 781 1683 (manu
828 1637 985 1685 propr.
1024 1622 1143 1668 facta
1180 1624 1449 1670 emendatio

199 1703 286 1751 pro
325 1686 518 1731 nomine
557 1687 767 1750 primum
798 1688 986 1752 scripto,
1017 1693 1243 1746 arvensis5
1264 1692 1446 1737 etiamsi

202 1769 430 1799 numerus
466 1751 545 1800 21.
584 1753 660 1818 Sp.
701 1753 771 1800 ΡΙ.
800 1753 872 1800 ed.
898 1756 921 1801 1
956 1755 1077 1803 hanc
1103 1759 1327 1822 speciem,
1365 1775 1449 1804 nec

201 1818 333 1866 illam
374 1820 602 1885 respicit).

267 1897 569 1944 Characteres
623 1897 710 1945 Νεο
763 1901 828 1947 20
871 1900 1034 1962 aqresti
1077 1899 1151 1964 Sp.
1190 1901 1261 1947 ΡΙ.
1296 1910 1341 1947 et
1378 1900 1449 1948 Fi.

199 1964 328 2012 Suec.
367 1973 529 2011 exacte
570 1965 762 2029 quidem
800 1966 1108 2021 conveniunt,
1143 1967 1225 2014 sed
1250 1967 1308 2013 ad
1347 1986 1447 2014 eam

203 2029 332 2077 itlius
388 2031 584 2076 sormam
632 2033 890 2096 pertinent,
936 2050 1042 2098 quae
1079 2033 1220 2081 hodie
1256 2036 1449 2081 nomine

201 2095 344 2160 politae
380 2097 702 2162 distinguitur,
745 2099 796 2146 id
832 2101 959 2165 quod
1010 2101 1226 2147 indicant
1264 2101 1449 2149 laciniae

201 2163 377 2229 calycis
400 2181 590 2227 magnae,
619 2165 1067 2221 ovato-lanceolatae,
1096 2184 1322 2222 nervosae,
1340 2186 1448 2215 acu-

203 2240 274 2285 tae,
296 2230 500 2296 foliaque
520 2231 686 2284 nitida,
706 2231 1096 2296 subglaberrima,
1122 2235 1449 2283 ovato-oblon-

204 2315 256 2361 ga
295 2308 437 2363 atque
475 2297 615 2344 facies
654 2300 752 2364 ipsa
794 2298 983 2364 plantae.

135 2385 236 2450 (21)
272 2386 516 2450 h'ederifolia
551 2403 653 2434 vera
697 2389 859 2453 (manu
907 2389 1124 2445 Smithii;
1169 2409 1195 2438 a
1233 2392 1338 2438 Lin.
1375 2393 1448 2439 ni-

204 2452 269 2500 hil
308 2454 633 2518 adscriptum).

272 2522 357 2568 Est
396 2521 442 2567 V.
477 2521 720 2584 hederisolia
757 2523 801 2568 L.
840 2522 908 2570 Fl.
958 2521 1095 2575 Suec„
1143 2523 1221 2570 ubi
1264 2523 1445 2570 ”foliola

203 2587 379 2650 calycis
414 2588 629 2636 cordata'’
661 2588 898 2642 dicuntur,
936 2600 983 2636 et
1021 2589 1158 2635 Auca.
1187 2590 1309 2637 Suec.
1339 2592 1447 2645 Rec„
