1742 3016
332 150 425 193 110

394 265 529 309 tares,
567 254 633 300 ibi
671 254 980 318 descriptum.
1052 255 1222 299 Forma
1251 256 1396 300 etiam
1430 255 1620 302 videtur

394 339 490 367 esse
520 321 710 382 Erysimi
734 319 1036 382 grandissora,
1062 336 1166 383 quae
1187 321 1236 364 in
1274 322 1331 366 It.
1357 329 1552 383 vestrog.
1575 339 1620 385 p.

397 388 492 432 160
528 403 674 450 prope
711 404 865 432 arcem
903 385 1232 431 bahusiensem
1273 385 1391 431 lecta
1429 386 1620 433 dicitur.

394 452 469 499 Ab
522 455 648 513 Erys.
702 451 950 514 lm'eraci'soli'o
995 452 1115 496 Λυσι.
1161 451 1313 497 Scand.
1357 469 1447 503 rec„
1483 452 1622 515 quale

393 518 589 582 quidem
636 527 683 563 et
725 517 947 579 ln'eraci'fol.
997 519 1116 562 [Arm.
1166 533 1290 562 sensu
1335 518 1539 563 strictiore
1576 527 1623 564 et

393 584 695 629 Cheli-anthuni
730 584 863 645 alpin.
899 584 985 630 Sm.
1021 593 1057 628 ec
1099 583 1308 629 ll'altlenb.
1343 583 1622 647 complecti-

393 660 485 706 tur,
523 650 686 696 (lisFert
724 650 918 696 floribus
948 651 1217 713 permagnis
1243 659 1382 712 atquc
1403 652 1622 711 stigmate

394 716 555 762 bilobo
599 716 770 778 siliqua
811 715 956 778 triplo
995 715 1174 769 latiore,
1213 715 1324 760 licet
1360 717 1529 761 ceteris
1564 733 1619 761 ex

396 782 610 845 partibus
646 799 753 827 cum
796 782 880 826 hoc
918 781 1042 825 haud
1076 780 1197 826 male
1224 782 1490 826 conveniat.
1536 783 1622 827 Est

397 864 505 893 vero
543 865 598 892 ex
636 847 878 909 speciebus
910 847 1143 891 recentius
1171 846 1395 892 stabilitis
1424 848 1622 892 omnino

392 915 516 974 Erys.
553 913 771 958 odoratum
811 913 949 965 Elarlz„
979 911 1116 974 quale
1145 913 1270 974 apud
1303 913 1414 957 Koch
1443 914 1489 957 in
1517 912 1621 973 Syn.

392 980 452 1024 ecl.
487 981 519 1023 2
555 980 840 1042 proponitur
876 986 1017 1039 atque
1053 978 1179 1038 apud
1214 978 1352 1022 Reiclae.
1375 995 1419 1027 fl·
1453 977 1574 1022 4595
1601 979 1623 1023 b

393 1045 692 1107 depingitur3
741 1044 788 1087 hi
842 1044 971 1086 eniin
1027 1051 1139 1086 sunt
1184 1042 1476 1088 characteres
1517 1059 1622 1106 spe-

393 1111 586 1154 ciminis
641 1108 904 1171 praesentis:
959 1106 1107 1152 caulis
1160 1107 1411 1168 angulosus
1463 1124 1622 1171 sparse

392 1175 705 1238 adpresseque
759 1172 1032 1236 pubescens,
1087 1171 1194 1217 folia
1244 1173 1500 1219 lanceolata
1549 1191 1648 1220 re·-

392 1249 520 1286 mote
556 1240 765 1289 dentata,
803 1238 915 1302 pilis
942 1238 1142 1283 stellatis
1170 1238 1502 1294 scabriuscula,
1535 1241 1621 1286 sso-

393 1322 464 1351 res
503 1304 786 1369 pedunculis
822 1304 971 1367 duplo
1001 1305 1244 1366 longiores,
1275 1304 1435 1367 calyce
1464 1304 1622 1351 clauso

389 1371 692 1434 glaberrimo‚
759 1370 992 1432 unguibus
1054 1369 1321 1433 petaloruni
1392 1371 1621 1433 elongatis

391 1437 756 1491 sublinearibus,
821 1437 1013 1481 laminis
1075 1435 1366 1493 rotundatis3
1436 1437 1621 1500 siliquae

389 1505 510 1566 (quae
564 1511 752 1548 tantum
799 1503 1070 1547 immaturae
1106 1501 1299 1566 adsunt)
1338 1502 1622 1565 pedunculis

392 1568 637 1614 multoties
683 1568 930 1630 longiores,
977 1568 1223 1630 adpressae‚
1261 1567 1476 1624 lineares,
1515 1585 1620 1614 raro

391 1634 702 1696 adpresseque
740 1634 914 1696 pilosae,
951 1635 1170 1695 stigmate
1206 1633 1370 1687 sessili,
1401 1633 1510 1687 lato,
1544 1633 1618 1679 bi—

390 1699 513 1753 lobo,
552 1699 850 1762 pubescente.

457 1765 555 1809 Hoc
609 1765 753 1826 igitur
805 1764 1044 1826 specimen
1099 1764 1371 1826 opinionem
1422 1765 1617 1811 Botani-
1681 1812 1686 1818 ,

389 1847 553 1875 corum
591 1846 895 1875 communem
934 1830 1207 1885 confirmat3
1253 1832 1496 1892 sequentia
1533 1849 1616 1876 au-

390 1905 487 1940 tem
532 1895 676 1941 (lubia
725 1892 844 1940 nova
890 1904 1098 1950 movent,
1136 1912 1285 1957 quum
1323 1913 1380 1940 cx
1417 1896 1474 1941 iis
1509 1896 1615 1951 alia,

388 1961 553 2007 eodem
600 1962 794 2006 nomine
839 1962 1081 2023 inscripta,
1120 1961 1179 2005 ael
1216 1960 1429 2006 diversas
1466 1964 1616 2024 perti-

389 2036 533 2072 neant
571 2027 758 2082 formas,
795 2026 883 2072 alia
921 2036 1094 2081 autem,
1132 2043 1236 2089 quae
1263 2027 1470 2089 ejusdem
1503 2037 1614 2073 sunt

389 2093 566 2149 sormae,
603 2094 793 2138 diverso
822 2094 1017 2138 nomine
1045 2091 1384 2139 inscribantur.
1435 2094 1613 2139 Praeter

385 2159 513 2222 quod
560 2160 606 2204 in
657 2159 893 2222 plerisque
931 2160 1139 2213 nomina,
1176 2175 1200 2203 a
1236 2159 1434 2204 Linnaeo
1471 2167 1612 2222 atque

384 2242 408 2269 a
453 2225 658 2270 Sinitllio
702 2226 953 2287 adscripta,
992 2225 1118 2270 inter
1154 2241 1200 2270 se
1236 2225 1449 2287 opposita
1485 2233 1610 2270 sunt.

383 2292 499 2347 Quae
535 2308 683 2352 quum
723 2293 786 2335 ita
824 2292 934 2344 sint,
974 2307 1059 2335 nec
1097 2307 1197 2335 mea
1227 2291 1517 2353 experientia
1549 2290 1606 2336 ad

384 2355 482 2400 liaec
535 2357 693 2400 omnia
748 2355 1024 2401 extricanda
1074 2355 1147 2401 vel
1191 2355 1374 2416 singula
1409 2356 1608 2418 quidem

381 2421 640 2483 specimina
677 2431 806 2466 certo
843 2421 1209 2466 determinanda
1245 2420 1459 2475 sulliciat,
1490 2422 1607 2467 utile

380 2486 511 2541 duxi,
559 2503 614 2531 ne
660 2504 759 2532 reni
807 2486 1005 2531 saccrcnl
1043 2486 1343 2540 deteriorem,
1383 2486 1469 2532 hoc
1505 2487 1606 2532 loco

380 2553 637 2615 specimina
693 2553 829 2616 liujus
877 2553 1028 2596 tribus
1066 2553 1322 2613 sequentia,
1359 2569 1467 2597 cum
1507 2552 1602 2598 dif-
