<?xml version="1.0" encoding="UTF-8"?>
<!DOCTYPE html PUBLIC "-//W3C//DTD XHTML 1.0 Transitional//EN"
    "http://www.w3.org/TR/xhtml1/DTD/xhtml1-transitional.dtd">
<html xmlns="http://www.w3.org/1999/xhtml" xml:lang="en" lang="en">
 <head>
  <title>
</title>
<meta http-equiv="Content-Type" content="text/html;charset=utf-8" />
  <meta name='ocr-system' content='tesseract 3.04.00' />
  <meta name='ocr-capabilities' content='ocr_page ocr_carea ocr_par ocr_line ocrx_word'/>
</head>
<body>
  <div class='ocr_page' id='page_1' title='image "annotationesdepl00hart_0043.png"; bbox 0 0 1742 3016; ppageno 0'>
   <div class='ocr_carea' id='block_1_1' title="bbox 1356 174 1413 219">
    <p class='ocr_par' dir='ltr' id='par_1_1' title="bbox 1356 174 1413 219">
     <span class='ocr_line' id='line_1_1' title="bbox 1356 174 1413 219; baseline 0.035 -2"><span class='ocrx_word' id='word_1_1' title='bbox 1356 174 1413 219; x_wconf 75' lang='lat' dir='ltr'><strong>:ss</strong></span> 
     </span>
    </p>
   </div>
   <div class='ocr_carea' id='block_1_2' title="bbox 175 280 1497 1887">
    <p class='ocr_par' dir='ltr' id='par_1_2' title="bbox 175 280 1497 1887">
     <span class='ocr_line' id='line_1_2' title="bbox 248 280 1487 348; baseline 0.002 -20"><span class='ocrx_word' id='word_1_2' title='bbox 248 284 370 329; x_wconf 75' lang='lat' dir='ltr'><strong>‹latae</strong></span> <span class='ocrx_word' id='word_1_3' title='bbox 404 283 623 348; x_wconf 75' lang='lat' dir='ltr'><strong>quadret,</strong></span> <span class='ocrx_word' id='word_1_4' title='bbox 668 283 850 328; x_wconf 85' lang='lat' dir='ltr'><strong>etiamsi</strong></span> <span class='ocrx_word' id='word_1_5' title='bbox 898 280 966 329; x_wconf 83' lang='lat' dir='ltr'><strong>hae</strong></span> <span class='ocrx_word' id='word_1_6' title='bbox 1010 282 1354 347; x_wconf 76' lang='lat' dir='ltr'>descriptiones</span> <span class='ocrx_word' id='word_1_7' title='bbox 1392 301 1487 331; x_wconf 86' lang='lat' dir='ltr'><strong>non</strong></span> 
     </span>
     <span class='ocr_line' id='line_1_3' title="bbox 247 349 1485 417; baseline 0.001 -21"><span class='ocrx_word' id='word_1_8' title='bbox 247 367 429 414; x_wconf 83' lang='lat' dir='ltr'><strong>semper</strong></span> <span class='ocrx_word' id='word_1_9' title='bbox 464 351 588 397; x_wconf 85' lang='lat' dir='ltr'><strong>inter</strong></span> <span class='ocrx_word' id='word_1_10' title='bbox 624 365 672 396; x_wconf 90' lang='lat' dir='ltr'><strong>se</strong></span> <span class='ocrx_word' id='word_1_11' title='bbox 705 358 980 409; x_wconf 80' lang='lat' dir='ltr'><strong>congruant.</strong></span> <span class='ocrx_word' id='word_1_12' title='bbox 1028 365 1176 413; x_wconf 84' lang='lat' dir='ltr'><strong>neque</strong></span> <span class='ocrx_word' id='word_1_13' title='bbox 1215 349 1296 396; x_wconf 86' lang='lat' dir='ltr'><strong>ulli</strong></span> <span class='ocrx_word' id='word_1_14' title='bbox 1335 354 1485 417; x_wconf 76' lang='lat' dir='ltr'><strong>speci-</strong></span> 
     </span>
     <span class='ocr_line' id='line_1_4' title="bbox 175 415 1483 480; baseline 0.002 -18"><span class='ocrx_word' id='word_1_15' title='bbox 175 464 187 473; x_wconf 67' lang='grc'><strong>,</strong></span> <span class='ocrx_word' id='word_1_16' title='bbox 245 434 394 469; x_wconf 78' lang='lat' dir='ltr'><strong>erum,</strong></span> <span class='ocrx_word' id='word_1_17' title='bbox 430 433 546 480; x_wconf 82' lang='lat' dir='ltr'><strong>quas</strong></span> <span class='ocrx_word' id='word_1_18' title='bbox 587 418 742 462; x_wconf 81' lang='lat' dir='ltr'><strong>Auctt.</strong></span> <span class='ocrx_word' id='word_1_19' title='bbox 779 425 953 461; x_wconf 86' lang='lat' dir='ltr'><strong>recent.</strong></span> <span class='ocrx_word' id='word_1_20' title='bbox 993 415 1079 460; x_wconf 79' lang='lat' dir='ltr'><strong>lioc</strong></span> <span class='ocrx_word' id='word_1_21' title='bbox 1109 416 1301 463; x_wconf 85' lang='lat' dir='ltr'><strong>nomine</strong></span> <span class='ocrx_word' id='word_1_22' title='bbox 1337 419 1483 478; x_wconf 67' lang='lat' dir='ltr'><strong>signi-</strong></span> 
     </span>
     <span class='ocr_line' id='line_1_5' title="bbox 246 481 1485 533; baseline 0.001 -4"><span class='ocrx_word' id='word_1_23' title='bbox 246 484 397 529; x_wconf 79' lang='lat' dir='ltr'><strong>ficatas</strong></span> <span class='ocrx_word' id='word_1_24' title='bbox 437 481 718 533; x_wconf 78' lang='lat' dir='ltr'><strong>babuerunt,</strong></span> <span class='ocrx_word' id='word_1_25' title='bbox 753 483 1015 527; x_wconf 79' lang='lat' dir='ltr'><strong>conveniat.</strong></span> <span class='ocrx_word' id='word_1_26' title='bbox 1082 481 1154 527; x_wconf 85' lang='lat' dir='ltr'><strong>Ne</strong></span> <span class='ocrx_word' id='word_1_27' title='bbox 1198 484 1327 529; x_wconf 84' lang='lat' dir='ltr'><strong>enim</strong></span> <span class='ocrx_word' id='word_1_28' title='bbox 1367 485 1485 530; x_wconf 72' lang='lat' dir='ltr'><strong>Airae</strong></span> 
     </span>
     <span class='ocr_line' id='line_1_6' title="bbox 239 547 1487 615; baseline 0.001 -20"><span class='ocrx_word' id='word_1_29' title='bbox 239 550 446 615; x_wconf 80' lang='lat' dir='ltr'><strong>fleoeuosae</strong></span> <span class='ocrx_word' id='word_1_30' title='bbox 483 548 636 595; x_wconf 85' lang='lat' dir='ltr'><strong>affinis</strong></span> <span class='ocrx_word' id='word_1_31' title='bbox 672 547 883 595; x_wconf 81' lang='lat' dir='ltr'>formave</span> <span class='ocrx_word' id='word_1_32' title='bbox 929 550 1025 611; x_wconf 83' lang='lat' dir='ltr'><strong>ejus</strong></span> <span class='ocrx_word' id='word_1_33' title='bbox 1070 548 1147 603; x_wconf 84' lang='lat' dir='ltr'><strong>sit,</strong></span> <span class='ocrx_word' id='word_1_34' title='bbox 1195 567 1289 596; x_wconf 86' lang='lat' dir='ltr'><strong>non</strong></span> <span class='ocrx_word' id='word_1_35' title='bbox 1330 552 1487 598; x_wconf 87' lang='lat' dir='ltr'><strong>miuus</strong></span> 
     </span>
     <span class='ocr_line' id='line_1_7' title="bbox 246 613 1486 682; baseline 0.002 -20"><span class='ocrx_word' id='word_1_36' title='bbox 246 617 380 662; x_wconf 80' lang='lat' dir='ltr'><strong>facies</strong></span> <span class='ocrx_word' id='word_1_37' title='bbox 414 625 604 661; x_wconf 79' lang='lat' dir='ltr'><strong>externa</strong></span> <span class='ocrx_word' id='word_1_38' title='bbox 640 613 698 660; x_wconf 89' lang='lat' dir='ltr'><strong>ab</strong></span> <span class='ocrx_word' id='word_1_39' title='bbox 737 614 824 661; x_wconf 83' lang='lat' dir='ltr'><strong>hac</strong></span> <span class='ocrx_word' id='word_1_40' title='bbox 859 614 1054 660; x_wconf 85' lang='lat' dir='ltr'><strong>omnino</strong></span> <span class='ocrx_word' id='word_1_41' title='bbox 1088 614 1276 661; x_wconf 84' lang='lat' dir='ltr'><strong>diversa</strong></span> <span class='ocrx_word' id='word_1_42' title='bbox 1316 632 1486 682; x_wconf 79' lang='lat' dir='ltr'><strong>repug-</strong></span> 
     </span>
     <span class='ocr_line' id='line_1_8' title="bbox 244 679 1487 747; baseline 0.002 -19"><span class='ocrx_word' id='word_1_43' title='bbox 244 693 338 738; x_wconf 79' lang='lat' dir='ltr'><strong>nat,</strong></span> <span class='ocrx_word' id='word_1_44' title='bbox 383 699 526 747; x_wconf 82' lang='lat' dir='ltr'><strong>quam</strong></span> <span class='ocrx_word' id='word_1_45' title='bbox 574 682 731 743; x_wconf 85' lang='lat' dir='ltr'><strong>gluma</strong></span> <span class='ocrx_word' id='word_1_46' title='bbox 779 679 1003 727; x_wconf 83' lang='lat' dir='ltr'><strong>corollina</strong></span> <span class='ocrx_word' id='word_1_47' title='bbox 1041 684 1249 728; x_wconf 77' lang='lat' dir='ltr'><strong>exterior</strong></span> <span class='ocrx_word' id='word_1_48' title='bbox 1286 685 1487 730; x_wconf 85' lang='lat' dir='ltr'><strong>crassiu-</strong></span> 
     </span>
     <span class='ocr_line' id='line_1_9' title="bbox 241 747 1490 815; baseline 0.002 -21"><span class='ocrx_word' id='word_1_49' title='bbox 241 749 383 803; x_wconf 81' lang='lat' dir='ltr'><strong>scnla,</strong></span> <span class='ocrx_word' id='word_1_50' title='bbox 421 747 734 804; x_wconf 71' lang='lat' dir='ltr'><strong>subcuriacea,</strong></span> <span class='ocrx_word' id='word_1_51' title='bbox 769 747 969 794; x_wconf 78' lang='lat' dir='ltr'><strong>colorata</strong></span> <span class='ocrx_word' id='word_1_52' title='bbox 1018 748 1102 813; x_wconf 83' lang='lat' dir='ltr'><strong>(ita</strong></span> <span class='ocrx_word' id='word_1_53' title='bbox 1151 758 1203 795; x_wconf 89' lang='lat' dir='ltr'><strong>ut</strong></span> <span class='ocrx_word' id='word_1_54' title='bbox 1250 766 1357 813; x_wconf 78' lang='lat' dir='ltr'><strong>pars</strong></span> <span class='ocrx_word' id='word_1_55' title='bbox 1395 754 1490 815; x_wconf 87' lang='lat' dir='ltr'><strong>ejus</strong></span> 
     </span>
     <span class='ocr_line' id='line_1_10' title="bbox 241 814 1489 882; baseline 0.002 -21"><span class='ocrx_word' id='word_1_56' title='bbox 241 816 433 862; x_wconf 84' lang='lat' dir='ltr'><strong>inferior</strong></span> <span class='ocrx_word' id='word_1_57' title='bbox 469 814 684 862; x_wconf 82' lang='lat' dir='ltr'><strong>brunnea</strong></span> <span class='ocrx_word' id='word_1_58' title='bbox 722 815 796 870; x_wconf 88' lang='lat' dir='ltr'><strong>sit,</strong></span> <span class='ocrx_word' id='word_1_59' title='bbox 844 816 996 862; x_wconf 75' lang='lat' dir='ltr'><strong>media</strong></span> <span class='ocrx_word' id='word_1_60' title='bbox 1043 817 1324 870; x_wconf 65' lang='lat' dir='ltr'><strong>amantium,</strong></span> <span class='ocrx_word' id='word_1_61' title='bbox 1370 835 1489 882; x_wconf 83' lang='lat' dir='ltr'><strong>apex</strong></span> 
     </span>
     <span class='ocr_line' id='line_1_11' title="bbox 248 881 1490 945; baseline 0.002 -18"><span class='ocrx_word' id='word_1_62' title='bbox 248 900 357 928; x_wconf 87' lang='lat' dir='ltr'><strong>vero</strong></span> <span class='ocrx_word' id='word_1_63' title='bbox 397 881 785 929; x_wconf 81' lang='lat' dir='ltr'><strong>membranaceus</strong></span> <span class='ocrx_word' id='word_1_64' title='bbox 821 881 1089 945; x_wconf 78' lang='lat' dir='ltr'><strong>albescens),</strong></span> <span class='ocrx_word' id='word_1_65' title='bbox 1119 883 1310 936; x_wconf 67' lang='lat' dir='ltr'><strong>mutim,</strong></span> <span class='ocrx_word' id='word_1_66' title='bbox 1344 901 1490 930; x_wconf 76' lang='lat' dir='ltr'><strong>nervo</strong></span> 
     </span>
     <span class='ocr_line' id='line_1_12' title="bbox 241 948 1490 1013; baseline 0.002 -19"><span class='ocrx_word' id='word_1_67' title='bbox 241 949 413 995; x_wconf 75' lang='lat' dir='ltr'><strong>‹lorsali</strong></span> <span class='ocrx_word' id='word_1_68' title='bbox 452 958 498 996; x_wconf 87' lang='lat' dir='ltr'><strong>et</strong></span> <span class='ocrx_word' id='word_1_69' title='bbox 535 950 746 1010; x_wconf 73' lang='lat' dir='ltr'><strong>margine</strong></span> <span class='ocrx_word' id='word_1_70' title='bbox 775 950 830 995; x_wconf 74' lang='lat' dir='ltr'><strong>ad</strong></span> <span class='ocrx_word' id='word_1_71' title='bbox 867 949 996 996; x_wconf 79' lang='lat' dir='ltr'><strong>basin</strong></span> <span class='ocrx_word' id='word_1_72' title='bbox 1025 948 1321 1013; x_wconf 74' lang='lat' dir='ltr'><strong>pubescente.</strong></span> <span class='ocrx_word' id='word_1_73' title='bbox 1361 950 1490 997; x_wconf 77' lang='lat' dir='ltr'><strong>Vahl-</strong></span> 
     </span>
     <span class='ocr_line' id='line_1_13' title="bbox 242 1016 1490 1081; baseline 0.002 -19"><span class='ocrx_word' id='word_1_74' title='bbox 242 1016 354 1062; x_wconf 82' lang='lat' dir='ltr'><strong>odeoe</strong></span> <span class='ocrx_word' id='word_1_75' title='bbox 399 1026 554 1062; x_wconf 82' lang='lat' dir='ltr'><strong>autem</strong></span> <span class='ocrx_word' id='word_1_76' title='bbox 610 1025 944 1080; x_wconf 79' lang='lat' dir='ltr'><strong>atropurpureoe</strong></span> <span class='ocrx_word' id='word_1_77' title='bbox 990 1026 1035 1063; x_wconf 83' lang='lat' dir='ltr'><strong>et</strong></span> <span class='ocrx_word' id='word_1_78' title='bbox 1072 1016 1211 1063; x_wconf 82' lang='lat' dir='ltr'><strong>facies</strong></span> <span class='ocrx_word' id='word_1_79' title='bbox 1249 1027 1296 1063; x_wconf 89' lang='lat' dir='ltr'><strong>et</strong></span> <span class='ocrx_word' id='word_1_80' title='bbox 1332 1017 1490 1081; x_wconf 85' lang='lat' dir='ltr'><strong>gluma</strong></span> 
     </span>
     <span class='ocr_line' id='line_1_14' title="bbox 242 1083 1491 1150; baseline 0.002 -20"><span class='ocrx_word' id='word_1_81' title='bbox 242 1084 403 1130; x_wconf 80' lang='lat' dir='ltr'><strong>coroll.</strong></span> <span class='ocrx_word' id='word_1_82' title='bbox 441 1083 750 1139; x_wconf 68' lang='lat' dir='ltr'><strong>subeon-iacea,</strong></span> <span class='ocrx_word' id='word_1_83' title='bbox 787 1083 1042 1149; x_wconf 84' lang='lat' dir='ltr'><strong>pubescens</strong></span> <span class='ocrx_word' id='word_1_84' title='bbox 1081 1085 1238 1148; x_wconf 85' lang='lat' dir='ltr'><strong>primo</strong></span> <span class='ocrx_word' id='word_1_85' title='bbox 1266 1085 1491 1150; x_wconf 85' lang='lat' dir='ltr'><strong>adspectu</strong></span> 
     </span>
     <span class='ocr_line' id='line_1_15' title="bbox 245 1150 1488 1207; baseline 0.002 -11"><span class='ocrx_word' id='word_1_86' title='bbox 245 1151 367 1196; x_wconf 81' lang='lat' dir='ltr'><strong>haud</strong></span> <span class='ocrx_word' id='word_1_87' title='bbox 422 1150 675 1196; x_wconf 82' lang='lat' dir='ltr'><strong>dissimiles</strong></span> <span class='ocrx_word' id='word_1_88' title='bbox 731 1159 862 1207; x_wconf 83' lang='lat' dir='ltr'><strong>sunt3</strong></span> <span class='ocrx_word' id='word_1_89' title='bbox 915 1150 974 1196; x_wconf 88' lang='lat' dir='ltr'><strong>ab</strong></span> <span class='ocrx_word' id='word_1_90' title='bbox 1022 1151 1110 1197; x_wconf 81' lang='lat' dir='ltr'><strong>bac</strong></span> <span class='ocrx_word' id='word_1_91' title='bbox 1149 1161 1303 1197; x_wconf 77' lang='lat' dir='ltr'><strong>tamen</strong></span> <span class='ocrx_word' id='word_1_92' title='bbox 1347 1153 1488 1198; x_wconf 87' lang='lat' dir='ltr'><strong>etiam</strong></span> 
     </span>
     <span class='ocr_line' id='line_1_16' title="bbox 243 1216 1494 1282; baseline 0.002 -19"><span class='ocrx_word' id='word_1_93' title='bbox 243 1219 439 1263; x_wconf 88' lang='lat' dir='ltr'><strong>omniuo</strong></span> <span class='ocrx_word' id='word_1_94' title='bbox 473 1217 701 1264; x_wconf 81' lang='lat' dir='ltr'><strong>distincta</strong></span> <span class='ocrx_word' id='word_1_95' title='bbox 739 1226 807 1263; x_wconf 82' lang='lat' dir='ltr'><strong>est</strong></span> <span class='ocrx_word' id='word_1_96' title='bbox 852 1218 1022 1279; x_wconf 79' lang='lat' dir='ltr'><strong>glumis</strong></span> <span class='ocrx_word' id='word_1_97' title='bbox 1067 1216 1296 1282; x_wconf 83' lang='lat' dir='ltr'><strong>calycinis</strong></span> <span class='ocrx_word' id='word_1_98' title='bbox 1338 1218 1494 1266; x_wconf 86' lang='lat' dir='ltr'><strong>subae-</strong></span> 
     </span>
     <span class='ocr_line' id='line_1_17' title="bbox 244 1283 1493 1348; baseline 0.002 -18"><span class='ocrx_word' id='word_1_99' title='bbox 244 1284 478 1348; x_wconf 83' lang='lat' dir='ltr'><strong>qualibus,</strong></span> <span class='ocrx_word' id='word_1_100' title='bbox 515 1284 671 1345; x_wconf 77' lang='lat' dir='ltr'><strong>gluma</strong></span> <span class='ocrx_word' id='word_1_101' title='bbox 710 1283 884 1344; x_wconf 73' lang='lat' dir='ltr'><strong>corolL¹</strong></span> <span class='ocrx_word' id='word_1_102' title='bbox 912 1285 1146 1330; x_wconf 75' lang='lat' dir='ltr'><strong>exteriore</strong></span> <span class='ocrx_word' id='word_1_103' title='bbox 1185 1285 1376 1342; x_wconf 85' lang='lat' dir='ltr'><strong>mutica,</strong></span> <span class='ocrx_word' id='word_1_104' title='bbox 1414 1303 1493 1333; x_wconf 89' lang='lat' dir='ltr'><strong>co-</strong></span> 
     </span>
     <span class='ocr_line' id='line_1_18' title="bbox 245 1350 1488 1415; baseline 0.003 -19"><span class='ocrx_word' id='word_1_105' title='bbox 245 1350 375 1397; x_wconf 84' lang='lat' dir='ltr'><strong>rollis</strong></span> <span class='ocrx_word' id='word_1_106' title='bbox 428 1352 638 1415; x_wconf 76' lang='lat' dir='ltr'><strong>calycern</strong></span> <span class='ocrx_word' id='word_1_107' title='bbox 698 1351 850 1397; x_wconf 87' lang='lat' dir='ltr'><strong>multo</strong></span> <span class='ocrx_word' id='word_1_108' title='bbox 903 1350 1254 1415; x_wconf 75' lang='lat' dir='ltr'><strong>superantibus.</strong></span> <span class='ocrx_word' id='word_1_109' title='bbox 1326 1353 1488 1411; x_wconf 89' lang='lat' dir='ltr'><strong>Quum</strong></span> 
     </span>
     <span class='ocr_line' id='line_1_19' title="bbox 247 1417 1492 1483; baseline 0.002 -19"><span class='ocrx_word' id='word_1_110' title='bbox 247 1417 470 1464; x_wconf 76' lang='lat' dir='ltr'><strong>facillime</strong></span> <span class='ocrx_word' id='word_1_111' title='bbox 528 1427 695 1483; x_wconf 85' lang='lat' dir='ltr'><strong>pateat,</strong></span> <span class='ocrx_word' id='word_1_112' title='bbox 741 1419 866 1464; x_wconf 81' lang='lat' dir='ltr'><strong>inter</strong></span> <span class='ocrx_word' id='word_1_113' title='bbox 911 1417 994 1463; x_wconf 83' lang='lat' dir='ltr'><strong>hos</strong></span> <span class='ocrx_word' id='word_1_114' title='bbox 1031 1418 1326 1465; x_wconf 76' lang='lat' dir='ltr'><strong>characteres</strong></span> <span class='ocrx_word' id='word_1_115' title='bbox 1363 1437 1492 1466; x_wconf 87' lang='lat' dir='ltr'><strong>com-</strong></span> 
     </span>
     <span class='ocr_line' id='line_1_20' title="bbox 246 1485 1492 1549; baseline 0.001 -18"><span class='ocrx_word' id='word_1_116' title='bbox 246 1485 403 1549; x_wconf 82' lang='lat' dir='ltr'><strong>plures</strong></span> <span class='ocrx_word' id='word_1_117' title='bbox 437 1486 577 1532; x_wconf 80' lang='lat' dir='ltr'><strong>etiam</strong></span> <span class='ocrx_word' id='word_1_118' title='bbox 621 1486 816 1531; x_wconf 89' lang='lat' dir='ltr'><strong>minime</strong></span> <span class='ocrx_word' id='word_1_119' title='bbox 852 1502 950 1531; x_wconf 87' lang='lat' dir='ltr'><strong>esse</strong></span> <span class='ocrx_word' id='word_1_120' title='bbox 987 1485 1102 1531; x_wconf 68' lang='lat' dir='ltr'><strong>Airoe</strong></span> <span class='ocrx_word' id='word_1_121' title='bbox 1139 1495 1352 1532; x_wconf 71' lang='lat' dir='ltr'><strong>montanee</strong></span> <span class='ocrx_word' id='word_1_122' title='bbox 1390 1488 1492 1533; x_wconf 72' lang='lat' dir='ltr'><strong>Lin-</strong></span> 
     </span>
     <span class='ocr_line' id='line_1_21' title="bbox 245 1551 1493 1618; baseline 0.002 -22"><span class='ocrx_word' id='word_1_123' title='bbox 245 1569 423 1605; x_wconf 75' lang='lat' dir='ltr'><strong>noeanoe,</strong></span> <span class='ocrx_word' id='word_1_124' title='bbox 475 1561 521 1596; x_wconf 86' lang='lat' dir='ltr'><strong>et</strong></span> <span class='ocrx_word' id='word_1_125' title='bbox 580 1551 677 1598; x_wconf 89' lang='lat' dir='ltr'><strong>loco</strong></span> <span class='ocrx_word' id='word_1_126' title='bbox 729 1554 858 1598; x_wconf 88' lang='lat' dir='ltr'><strong>omni</strong></span> <span class='ocrx_word' id='word_1_127' title='bbox 915 1561 1069 1598; x_wconf 81' lang='lat' dir='ltr'><strong>careat</strong></span> <span class='ocrx_word' id='word_1_128' title='bbox 1116 1554 1367 1617; x_wconf 83' lang='lat' dir='ltr'><strong>specimen,</strong></span> <span class='ocrx_word' id='word_1_129' title='bbox 1408 1571 1493 1618; x_wconf 88' lang='lat' dir='ltr'><strong>pro</strong></span> 
     </span>
     <span class='ocr_line' id='line_1_22' title="bbox 243 1617 1495 1682; baseline 0.001 -17"><span class='ocrx_word' id='word_1_130' title='bbox 243 1629 372 1665; x_wconf 83' lang='lat' dir='ltr'><strong>certo</strong></span> <span class='ocrx_word' id='word_1_131' title='bbox 429 1618 585 1664; x_wconf 80' lang='lat' dir='ltr'><strong>haberi</strong></span> <span class='ocrx_word' id='word_1_132' title='bbox 634 1629 787 1682; x_wconf 79' lang='lat' dir='ltr'><strong>potest</strong></span> <span class='ocrx_word' id='word_1_133' title='bbox 836 1619 922 1666; x_wconf 81' lang='lat' dir='ltr'><strong>hoc</strong></span> <span class='ocrx_word' id='word_1_134' title='bbox 960 1617 1058 1665; x_wconf 87' lang='lat' dir='ltr'><strong>loco</strong></span> <span class='ocrx_word' id='word_1_135' title='bbox 1095 1619 1144 1665; x_wconf 95' lang='lat' dir='ltr'><strong>in</strong></span> <span class='ocrx_word' id='word_1_136' title='bbox 1185 1620 1377 1666; x_wconf 85' lang='lat' dir='ltr'><strong>nomine</strong></span> <span class='ocrx_word' id='word_1_137' title='bbox 1412 1621 1495 1666; x_wconf 83' lang='lat' dir='ltr'><strong>ad-</strong></span> 
     </span>
     <span class='ocr_line' id='line_1_23' title="bbox 245 1684 1497 1751; baseline 0.001 -19"><span class='ocrx_word' id='word_1_138' title='bbox 245 1684 502 1732; x_wconf 83' lang='lat' dir='ltr'><strong>scribendo</strong></span> <span class='ocrx_word' id='word_1_139' title='bbox 538 1685 891 1750; x_wconf 84' lang='lat' dir='ltr'><strong>quodammodo</strong></span> <span class='ocrx_word' id='word_1_140' title='bbox 927 1697 1135 1732; x_wconf 86' lang='lat' dir='ltr'><strong>erratum</strong></span> <span class='ocrx_word' id='word_1_141' title='bbox 1175 1703 1286 1740; x_wconf 87' lang='lat' dir='ltr'><strong>esse,</strong></span> <span class='ocrx_word' id='word_1_142' title='bbox 1330 1688 1497 1751; x_wconf 86' lang='lat' dir='ltr'><strong>igitur-</strong></span> 
     </span>
     <span class='ocr_line' id='line_1_24' title="bbox 244 1752 1496 1818; baseline 0.003 -21"><span class='ocrx_word' id='word_1_143' title='bbox 244 1770 337 1818; x_wconf 84' lang='lat' dir='ltr'><strong>que</strong></span> <span class='ocrx_word' id='word_1_144' title='bbox 373 1752 430 1798; x_wconf 80' lang='lat' dir='ltr'><strong>ad</strong></span> <span class='ocrx_word' id='word_1_145' title='bbox 471 1753 516 1798; x_wconf 86' lang='lat' dir='ltr'><strong>A.</strong></span> <span class='ocrx_word' id='word_1_146' title='bbox 555 1762 805 1800; x_wconf 77' lang='lat' dir='ltr'><strong>montanam</strong></span> <span class='ocrx_word' id='word_1_147' title='bbox 839 1770 993 1799; x_wconf 86' lang='lat' dir='ltr'><strong>veram</strong></span> <span class='ocrx_word' id='word_1_148' title='bbox 1026 1752 1363 1800; x_wconf 77' lang='lat' dir='ltr'><strong>illustrandam</strong></span> <span class='ocrx_word' id='word_1_149' title='bbox 1387 1754 1496 1801; x_wconf 71' lang='lat' dir='ltr'><strong>lier-</strong></span> 
     </span>
     <span class='ocr_line' id='line_1_25' title="bbox 247 1819 1495 1887; baseline 0.001 -22"><span class='ocrx_word' id='word_1_150' title='bbox 247 1819 432 1866; x_wconf 81' lang='lat' dir='ltr'><strong>barium</strong></span> <span class='ocrx_word' id='word_1_151' title='bbox 490 1821 673 1866; x_wconf 87' lang='lat' dir='ltr'><strong>Linnaei</strong></span> <span class='ocrx_word' id='word_1_152' title='bbox 731 1838 896 1885; x_wconf 87' lang='lat' dir='ltr'><strong>parum</strong></span> <span class='ocrx_word' id='word_1_153' title='bbox 955 1820 1193 1887; x_wconf 81' lang='lat' dir='ltr'><strong>adjuvare.</strong></span> <span class='ocrx_word' id='word_1_154' title='bbox 1266 1820 1335 1868; x_wconf 85' lang='lat' dir='ltr'><strong>Ut</strong></span> <span class='ocrx_word' id='word_1_155' title='bbox 1385 1839 1495 1867; x_wconf 83' lang='lat' dir='ltr'><strong>vero</strong></span> 
     </span>
    </p>
   </div>
   <div class='ocr_carea' id='block_1_3' title="bbox 245 1886 1494 2019">
    <p class='ocr_par' dir='ltr' id='par_1_3' title="bbox 245 1886 1494 2019">
     <span class='ocr_line' id='line_1_26' title="bbox 245 1886 1492 1954; baseline 0.002 -22"><span class='ocrx_word' id='word_1_156' title='bbox 245 1886 467 1933; x_wconf 86' lang='lat' dir='ltr'><strong>omnibns</strong></span> <span class='ocrx_word' id='word_1_157' title='bbox 509 1887 667 1933; x_wconf 83' lang='lat' dir='ltr'><strong>videre</strong></span> <span class='ocrx_word' id='word_1_158' title='bbox 705 1887 855 1942; x_wconf 83' lang='lat' dir='ltr'><strong>liceat,</strong></span> <span class='ocrx_word' id='word_1_159' title='bbox 902 1904 1010 1953; x_wconf 80' lang='lat' dir='ltr'><strong>quae.</strong></span> <span class='ocrx_word' id='word_1_160' title='bbox 1050 1889 1196 1933; x_wconf 77' lang='lat' dir='ltr'><strong>forma</strong></span> <span class='ocrx_word' id='word_1_161' title='bbox 1235 1916 1301 1924; x_wconf 92' lang='lat'><strong>—-</strong></span> <span class='ocrx_word' id='word_1_162' title='bbox 1338 1890 1492 1954; x_wconf 89' lang='lat' dir='ltr'><strong>potius</strong></span> 
     </span>
     <span class='ocr_line' id='line_1_27' title="bbox 246 1954 1494 2019; baseline 0.001 -18"><span class='ocrx_word' id='word_1_163' title='bbox 246 1955 351 2008; x_wconf 84' lang='lat' dir='ltr'><strong>Poa,</strong></span> <span class='ocrx_word' id='word_1_164' title='bbox 403 1971 545 2019; x_wconf 82' lang='lat' dir='ltr'><strong>quam</strong></span> <span class='ocrx_word' id='word_1_165' title='bbox 603 1954 709 2001; x_wconf 82' lang='lat' dir='ltr'><strong>Aira</strong></span> <span class='ocrx_word' id='word_1_166' title='bbox 756 1955 1045 2002; x_wconf 84' lang='lat' dir='ltr'><strong>nominanda</strong></span> <span class='ocrx_word' id='word_1_167' title='bbox 1088 1983 1143 1989; x_wconf 95' lang='lat'><strong>—</strong></span> <span class='ocrx_word' id='word_1_168' title='bbox 1186 1955 1236 2000; x_wconf 88' lang='lat' dir='ltr'><strong>in</strong></span> <span class='ocrx_word' id='word_1_169' title='bbox 1275 1955 1494 2002; x_wconf 82' lang='lat' dir='ltr'><strong>herbario</strong></span> 
     </span>
    </p>
   </div>
   <div class='ocr_carea' id='block_1_4' title="bbox 247 2019 1499 2689">
    <p class='ocr_par' dir='ltr' id='par_1_4' title="bbox 247 2019 1499 2689">
     <span class='ocr_line' id='line_1_28' title="bbox 248 2019 1491 2086; baseline 0.002 -21"><span class='ocrx_word' id='word_1_170' title='bbox 248 2020 334 2066; x_wconf 87' lang='lat' dir='ltr'><strong>boc</strong></span> <span class='ocrx_word' id='word_1_171' title='bbox 370 2022 565 2067; x_wconf 87' lang='lat' dir='ltr'><strong>nornine</strong></span> <span class='ocrx_word' id='word_1_172' title='bbox 611 2031 893 2076; x_wconf 78' lang='lat' dir='ltr'><strong>asservatur,</strong></span> <span class='ocrx_word' id='word_1_173' title='bbox 937 2019 1230 2067; x_wconf 77' lang='lat' dir='ltr'><strong>characteres</strong></span> <span class='ocrx_word' id='word_1_174' title='bbox 1274 2025 1373 2086; x_wconf 83' lang='lat' dir='ltr'><strong>ejus</strong></span> <span class='ocrx_word' id='word_1_175' title='bbox 1413 2022 1491 2068; x_wconf 81' lang='lat' dir='ltr'><strong>hic</strong></span> 
     </span>
     <span class='ocr_line' id='line_1_29' title="bbox 247 2087 1494 2152; baseline 0.002 -20"><span class='ocrx_word' id='word_1_176' title='bbox 247 2087 397 2132; x_wconf 79' lang='lat' dir='ltr'><strong>trado.</strong></span> <span class='ocrx_word' id='word_1_177' title='bbox 469 2087 692 2133; x_wconf 80' lang='lat' dir='ltr'><strong>Panicuta</strong></span> <span class='ocrx_word' id='word_1_178' title='bbox 730 2089 951 2142; x_wconf 85' lang='lat' dir='ltr'><strong>colorata,</strong></span> <span class='ocrx_word' id='word_1_179' title='bbox 991 2105 1209 2152; x_wconf 85' lang='lat' dir='ltr'><strong>paupera,</strong></span> <span class='ocrx_word' id='word_1_180' title='bbox 1248 2088 1494 2147; x_wconf 71' lang='lat' dir='ltr'><strong>subn-igida</strong></span> 
     </span>
     <span class='ocr_line' id='line_1_30' title="bbox 249 2153 1499 2218; baseline 0.003 -19"><span class='ocrx_word' id='word_1_181' title='bbox 249 2154 440 2200; x_wconf 82' lang='lat' dir='ltr'><strong>ramulis</strong></span> <span class='ocrx_word' id='word_1_182' title='bbox 462 2153 874 2218; x_wconf 85' lang='lat' dir='ltr'><strong>binis-quaternis,</strong></span> <span class='ocrx_word' id='word_1_183' title='bbox 904 2154 1140 2209; x_wconf 85' lang='lat' dir='ltr'><strong>flexuosis,</strong></span> <span class='ocrx_word' id='word_1_184' title='bbox 1163 2173 1272 2202; x_wconf 88' lang='lat' dir='ltr'><strong>cum</strong></span> <span class='ocrx_word' id='word_1_185' title='bbox 1306 2156 1499 2203; x_wconf 82' lang='lat' dir='ltr'><strong>rachide</strong></span> 
     </span>
     <span class='ocr_line' id='line_1_31' title="bbox 248 2220 1499 2288; baseline 0.003 -23"><span class='ocrx_word' id='word_1_186' title='bbox 248 2220 440 2276; x_wconf 79' lang='lat' dir='ltr'><strong>scabris,</strong></span> <span class='ocrx_word' id='word_1_187' title='bbox 487 2220 691 2274; x_wconf 77' lang='lat' dir='ltr'><strong>sti-iuti83</strong></span> <span class='ocrx_word' id='word_1_188' title='bbox 738 2221 932 2286; x_wconf 84' lang='lat' dir='ltr'><strong>spiculae</strong></span> <span class='ocrx_word' id='word_1_189' title='bbox 977 2232 1128 2269; x_wconf 82' lang='lat' dir='ltr'><strong>ovatae</strong></span> <span class='ocrx_word' id='word_1_190' title='bbox 1165 2220 1358 2278; x_wconf 86' lang='lat' dir='ltr'><strong>bissorae,</strong></span> <span class='ocrx_word' id='word_1_191' title='bbox 1395 2223 1499 2288; x_wconf 87' lang='lat' dir='ltr'><strong>glu-</strong></span> 
     </span>
     <span class='ocr_line' id='line_1_32' title="bbox 248 2287 1498 2354; baseline 0.002 -20"><span class='ocrx_word' id='word_1_192' title='bbox 248 2288 336 2334; x_wconf 86' lang='lat' dir='ltr'><strong>mis</strong></span> <span class='ocrx_word' id='word_1_193' title='bbox 374 2288 520 2352; x_wconf 81' lang='lat' dir='ltr'><strong>calyc.</strong></span> <span class='ocrx_word' id='word_1_194' title='bbox 549 2287 913 2353; x_wconf 81' lang='lat' dir='ltr'><strong>subaequalibus,</strong></span> <span class='ocrx_word' id='word_1_195' title='bbox 946 2290 1109 2344; x_wconf 78' lang='lat' dir='ltr'><strong>acutis,</strong></span> <span class='ocrx_word' id='word_1_196' title='bbox 1151 2291 1358 2344; x_wconf 87' lang='lat' dir='ltr'><strong>mutieis,</strong></span> <span class='ocrx_word' id='word_1_197' title='bbox 1395 2291 1498 2354; x_wconf 84' lang='lat' dir='ltr'><strong>glu-</strong></span> 
     </span>
     <span class='ocr_line' id='line_1_33' title="bbox 252 2354 1498 2422; baseline 0.002 -21"><span class='ocrx_word' id='word_1_198' title='bbox 252 2372 325 2401; x_wconf 86' lang='lat' dir='ltr'><strong>ma</strong></span> <span class='ocrx_word' id='word_1_199' title='bbox 363 2354 522 2402; x_wconf 75' lang='lat' dir='ltr'><strong>coroll.</strong></span> <span class='ocrx_word' id='word_1_200' title='bbox 563 2357 792 2402; x_wconf 83' lang='lat' dir='ltr'><strong>exteriore</strong></span> <span class='ocrx_word' id='word_1_201' title='bbox 828 2357 1052 2410; x_wconf 84' lang='lat' dir='ltr'><strong>coriacea,</strong></span> <span class='ocrx_word' id='word_1_202' title='bbox 1088 2358 1220 2422; x_wconf 88' lang='lat' dir='ltr'><strong>apice</strong></span> <span class='ocrx_word' id='word_1_203' title='bbox 1258 2356 1498 2404; x_wconf 85' lang='lat' dir='ltr'><strong>membra-</strong></span> 
     </span>
     <span class='ocr_line' id='line_1_34' title="bbox 248 2421 1496 2478; baseline -0.001 -7"><span class='ocrx_word' id='word_1_204' title='bbox 248 2438 402 2475; x_wconf 87' lang='lat' dir='ltr'><strong>naceO,</strong></span> <span class='ocrx_word' id='word_1_205' title='bbox 458 2421 796 2478; x_wconf 89' lang='lat' dir='ltr'><strong>obtusiusculo‚</strong></span> <span class='ocrx_word' id='word_1_206' title='bbox 854 2424 1041 2478; x_wconf 85' lang='lat' dir='ltr'><strong>mutico,</strong></span> <span class='ocrx_word' id='word_1_207' title='bbox 1109 2425 1241 2471; x_wconf 85' lang='lat' dir='ltr'><strong>nervi</strong></span> <span class='ocrx_word' id='word_1_208' title='bbox 1297 2423 1496 2471; x_wconf 86' lang='lat' dir='ltr'><strong>dorsalis</strong></span> 
     </span>
     <span class='ocr_line' id='line_1_35' title="bbox 253 2490 1498 2556; baseline 0.002 -21"><span class='ocrx_word' id='word_1_209' title='bbox 253 2490 570 2554; x_wconf 84' lang='lat' dir='ltr'><strong>marginisque</strong></span> <span class='ocrx_word' id='word_1_210' title='bbox 606 2500 740 2554; x_wconf 86' lang='lat' dir='ltr'><strong>parte</strong></span> <span class='ocrx_word' id='word_1_211' title='bbox 779 2490 998 2538; x_wconf 86' lang='lat' dir='ltr'><strong>inferiore</strong></span> <span class='ocrx_word' id='word_1_212' title='bbox 1027 2491 1323 2556; x_wconf 54' lang='lat' dir='ltr'><strong>pubescente</strong></span> <span class='ocrx_word' id='word_1_213' title='bbox 1375 2492 1498 2537; x_wconf 87' lang='lat' dir='ltr'><strong>Gra-</strong></span> 
     </span>
     <span class='ocr_line' id='line_1_36' title="bbox 250 2555 1494 2623; baseline 0.001 -21"><span class='ocrx_word' id='word_1_214' title='bbox 250 2573 356 2603; x_wconf 90' lang='lat' dir='ltr'><strong>men</strong></span> <span class='ocrx_word' id='word_1_215' title='bbox 397 2555 572 2620; x_wconf 84' lang='lat' dir='ltr'><strong>pedale,</strong></span> <span class='ocrx_word' id='word_1_216' title='bbox 619 2557 842 2620; x_wconf 85' lang='lat' dir='ltr'><strong>rigidum,</strong></span> <span class='ocrx_word' id='word_1_217' title='bbox 885 2557 1044 2605; x_wconf 87' lang='lat' dir='ltr'><strong>culmo</strong></span> <span class='ocrx_word' id='word_1_218' title='bbox 1080 2560 1260 2612; x_wconf 86' lang='lat' dir='ltr'><strong>striat0,</strong></span> <span class='ocrx_word' id='word_1_219' title='bbox 1297 2559 1494 2623; x_wconf 85' lang='lat' dir='ltr'><strong>panicu-</strong></span> 
     </span>
     <span class='ocr_line' id='line_1_37' title="bbox 252 2621 1495 2689; baseline 0.003 -22"><span class='ocrx_word' id='word_1_220' title='bbox 252 2621 342 2668; x_wconf 83' lang='lat' dir='ltr'><strong>lam</strong></span> <span class='ocrx_word' id='word_1_221' title='bbox 400 2639 560 2669; x_wconf 79' lang='lat' dir='ltr'><strong>versus</strong></span> <span class='ocrx_word' id='word_1_222' title='bbox 605 2641 781 2688; x_wconf 82' lang='lat' dir='ltr'><strong>aspero,</strong></span> <span class='ocrx_word' id='word_1_223' title='bbox 829 2624 951 2672; x_wconf 84' lang='lat' dir='ltr'><strong>foliis</strong></span> <span class='ocrx_word' id='word_1_224' title='bbox 996 2625 1150 2689; x_wconf 85' lang='lat' dir='ltr'><strong>planis</strong></span> <span class='ocrx_word' id='word_1_225' title='bbox 1187 2624 1412 2672; x_wconf 88' lang='lat' dir='ltr'><strong>brevibus</strong></span> <span class='ocrx_word' id='word_1_226' title='bbox 1449 2633 1495 2671; x_wconf 85' lang='lat' dir='ltr'><strong>et</strong></span> 
     </span>
    </p>
   </div>
  </div>
 </body>
</html>
