1742 3016
289 161 354 208 46

354 269 503 334 pusill.
552 278 578 327 β
620 270 721 332 maj.
767 268 851 315 Hn.
898 267 964 316 Fl.
999 269 1156 318 Seaml.
1194 270 1260 316 ed.
1305 269 1333 313 4
1368 285 1444 315 seu
1479 286 1589 316 com-

355 353 549 399 pressum
583 336 716 399 ejusd.
755 335 818 382 ed.
859 335 901 381 5.

289 425 357 489 (7)
396 426 611 486 Potamoq.
645 425 946 486 qramineum?
982 424 1142 487 (manu
1174 423 1335 477 aliena,
1356 422 1444 470 sub
1465 423 1590 487 quod

356 492 590 544 Linnaeus‚
626 492 755 554 quasi
795 493 1004 554 responsi
1044 490 1163 542 loco,
1198 489 1487 554 misci-ipsiu)
1532 492 1592 535 sic

355 566 416 602 est
464 558 506 620 (a
543 557 677 611 Sum}
713 557 1000 618 cuspidacum.

430 623 529 668 Hoc
566 624 801 686 specimen
839 624 965 684 spica
1004 622 1190 675 unciali,
1226 619 1489 684 pedunculo
1524 619 1592 666 la·

361 689 489 741 tiore,
516 687 824 753 complanatQ
850 688 1153 740 2-3—unciali‚
1184 687 1304 733 foliis
1326 686 1592 740 linearibus,

357 755 657 806 acuminatis,
684 753 1016 807 multinerviis,
1036 754 1168 800 caule
1187 754 1485 816 complanato
1513 753 1592 798 vix

357 820 612 872 latioribus,
650 829 695 866 et
731 822 896 866 ceteris
933 822 1054 866 notis
1085 821 1205 866 idem
1232 828 1302 865 est
1329 836 1381 865 ac
1412 821 1462 865 P.
1483 835 1591 864 com-

356 903 530 949 pressus
566 887 652 932 Ηη.
690 886 756 932 Fl.
795 886 856 932 ed.
903 887 940 932 4.
979 903 1011 932 s.
1049 885 1332 948 zosterisolius
1361 887 1411 947 ej.
1448 884 1510 930 ed.
1546 884 1590 929 5.

290 974 361 1039 (8)
396 990 682 1036 compressum
719 970 749 1016 7
785 974 946 1037 (manu
983 973 1187 1024 Smithii,
1222 989 1355 1036 aeque
1382 990 1435 1018 ac
1464 972 1590 1035 bocz)

356 1056 647 1102 compressu-m
687 1039 748 1084 Fl.
786 1041 900 1085 Brit.
936 1048 973 1084 et
1012 1039 1132 1084 Herb.
1171 1038 1347 1099 Cliffort.
1377 1038 1459 1082 J.E
1473 1037 1592 1084 S.—

307 1152 309 1154 ,
356 1106 399 1169 (a
432 1122 569 1150 manu
599 1104 788 1169 alienaz)
817 1122 874 1149 an
904 1107 1202 1165 Potamoqeton
1220 1119 1502 1166 compressum
1520 1112 1592 1149 est.

425 1172 524 1224 Est,
579 1170 731 1234 quoad
786 1170 946 1217 faciem
1001 1187 1254 1234 omnesque
1297 1170 1609 1221 characteres,-

353 1235 478 1282 idem
517 1253 569 1282 ac
605 1237 843 1299 specimen
881 1237 940 1282 uzi
979 1237 1024 1290 6,
1063 1238 1252 1282 nomine
1288 1237 1472 1297 yramin.
1515 1252 1594 1281 su-

357 1319 439 1366 pra
477 1312 908 1356 commemoratum,
948 1305 974 1349 i.
1012 1320 1048 1349 e.
1087 1304 1135 1349 P.
1172 1302 1317 1364 pusill.
1346 1311 1372 1358 β
1399 1303 1500 1364 maj.
1524 1302 1594 1347 Hn

290 1414 294 1415 ⁷
358 1369 423 1414 Fl.
458 1369 521 1414 ed.
555 1369 584 1412 4
628 1385 705 1414 seu
742 1386 1026 1431 compressum
1060 1369 1191 1431 ejusd.
1227 1369 1288 1414 ed.
1324 1367 1366 1414 5.

289 1457 359 1522 (9)
395 1474 679 1519 compressum
715 1454 745 1501 7
782 1457 942 1522 (manu
979 1474 1161 1520 propr.;
1205 1456 1294 1502 sub
1340 1455 1464 1520 quod
1501 1455 1593 1501 Sm.

356 1523 586 1586 addiditz)
622 1523 942 1586 complanatum
978 1524 1119 1569 Willd.
1157 1523 1291 1570 Schw.
1326 1551 1393 1559 —
1428 1539 1486 1568 an
1523 1538 1592 1567 ve-

356 1590 492 1633 rum?
529 1606 796 1652 nequaquam
834 1619 887 1625 —
926 1590 1051 1654 flores
1085 1589 1328 1635 subalterni.
1588 1608 1595 1611 <

422 1654 722 1700 characteres
777 1656 917 1719 hujus
971 1656 1241 1718 speciminis
1293 1663 1424 1699 sunt:
1467 1653 1591 1714 spica

360 1719 630 1774 multissora‚
667 1737 783 1774 rara,
826 1720 1100 1783 cylindrica‚
1148 1720 1355 1771 uncialis,
1398 1717 1593 1764 floribus

360 1785 666 1832 inferioribus
693 1787 896 1838 alternis,
925 1787 1221 1849 pedunculus
1248 1785 1480 1847 elongatus
1500 1785 1594 1848 (ul-

361 1863 430 1897 tra
488 1852 654 1916 pedem
713 1852 905 1915 longus),
958 1854 1134 1915 spicam
1185 1868 1341 1898 versus
1386 1852 1593 1902 crassior,

361 1917 466 1963 folia
521 1920 678 1964 onmia
724 1918 917 1982 aequalia
943 1918 1101 1982 ‘(nulla
1138 1917 1409 1980 fluitantia),
1445 1935 1593 1980 oppo-

357 1985 462 2037 sita,
518 1986 690 2038 tenuia,
742 1984 927 2038 sessilia‚
980 1982 1441 2034 lineari-lanceolata,
1486 2000 1594 2028 acu-

363 2051 551 2106 minata,
603 2052 892 2104 7-9-nervia,
937 2050 1023 2098 4-5
1064 2068 1164 2096 nnc.
1204 2050 1349 2112 longa,
1387 2047 1476 2095 3-4
1511 2047 1592 2094 lin.

362 2115 467 2161 lata.
534 2117 653 2175 Quae
705 2118 860 2162 omnia
916 2117 1222 2181 descriptioni
1272 2117 1318 2160 in
1362 2113 1428 2161 Fl.
1466 2114 1594 2160 Suec.

363 2182 560 2227 minime
588 2184 887 2238 conveniunt,
923 2192 1072 2246 atque,
1103 2200 1159 2228 ne
1188 2183 1423 2246 specimen
1443 2181 1497 2226 ad
1523 2179 1594 2225 ul-

362 2247 454 2293 lam
469 2250 728 2311 specierum
743 2250 1040 2294 Suecicarum
1062 2250 1304 2301 referatur,
1322 2245 1592 2312 prohibent.

295 2335 400 2399 (10)
436 2337 657 2380 marinum
697 2337 776 2399 (ui.
816 2354 983 2400 propr„
1019 2353 1148 2400 aeque
1185 2353 1235 2381 ac
1275 2334 1440 2399 locusz)
1484 2331 1590 2379 Gotl.

428 2401 629 2446 Fructus
666 2411 713 2447 et
762 2402 867 2448 folia
914 2402 1145 2448 filiformia
1184 2418 1218 2447 s.
1256 2401 1412 2464 potius
1448 2399 1594 2462 capil-

363 2465 492 2522 laria,
526 2468 719 2513 omnino
753 2479 866 2514 sunt
902 2471 953 2516 P.
990 2468 1152 2514 marini
1182 2468 1250 2513 Hn
1280 2466 1368 2519 Fl„
1408 2466 1591 2511 etiamsi

367 2534 540 2596 vaginae
575 2543 621 2579 et
657 2533 850 2581 inferior
889 2552 991 2600 pars
1025 2533 1167 2582 caulis
1195 2536 1245 2580 P.
1267 2541 1496 2578 zosteraceo
1517 2530 1591 2586 Fr.

363 2599 615 2646 similiores
650 2601 755 2646 sint.
