1742 3016
387 139 481 184 180

448 247 620 292 artiana
665 245 791 308 Enql.
838 247 925 291 Boe.
961 244 1096 290 9586.
1160 243 1368 307 (Plagula
1416 254 1486 290 est
1527 245 1672 308 priori

448 311 617 376 affixa).

515 376 700 423 Sterilis
736 385 924 422 tantum
965 375 1177 421 ramulus
1211 374 1357 429 adest,
1386 392 1493 420 cum
1526 374 1674 420 forma

448 442 491 489 S.
548 444 796 505 Lapponum
849 442 968 488 Auct.
1020 442 1162 487 scancl.
1215 442 1440 503 primaria
1489 441 1677 504 potissi—

449 526 581 554 mum
619 509 921 562 conveniens,
960 507 1068 552 folia
1110 523 1219 551 vero
1255 505 1421 552 subtus
1457 516 1569 552 sunt
1603 523 1678 551 so-

447 574 535 620 lito
571 575 764 620 densius
792 583 1054 619 tomentosa
1122 573 1353 631 Quamvis
1382 573 1432 617 in
1456 571 1528 617 Fl.
1549 572 1678 617 Suec.

448 640 521 686 ed.
555 640 587 686 2
621 649 668 686 et
704 641 833 702 Spec.
866 640 931 685 Pl.
959 641 1184 686 Linnaeus
1213 637 1574 683 antecedentem
1596 653 1674 683 seu

447 707 490 752 S.
539 724 581 751 n.
627 705 723 752 362
759 705 827 751 Fi.
865 707 1010 768 Lapp.
1047 705 1107 750 ad
1143 706 1387 749 are-nariam
1423 704 1552 758 citet,
1591 703 1678 749 hoc

448 771 549 817 loco
576 788 726 834 neque
748 773 795 816 in
819 773 976 834 priore
997 787 1146 834 neque
1167 772 1215 815 in
1238 778 1467 832 praesente
1489 777 1677 814 utrum-

447 854 538 901 que
577 854 749 883 nomen
788 838 1020 900 apposuit,
1058 835 1134 882 sed
1175 835 1310 881 illam
1339 835 1394 880 ad
1431 834 1497 880 Fl.
1530 836 1676 898 Lapp.

447 911 652 957 tantum,
691 903 811 947 hanc
847 903 902 947 ad
943 903 1070 964 Spec.
1110 900 1179 947 ΡΙ.
1216 901 1288 946 ed.
1329 903 1349 946 1
1383 909 1572 946 tantum
1605 917 1675 946 re-

448 968 573 1021 tulit,
601 984 657 1013 ex
685 967 859 1030 quibus
887 967 1171 1012 concludere
1192 966 1346 1011 forsan
1370 965 1496 1020 licet,
1518 968 1676 1028 ipsum

446 1049 539 1078 uon
579 1049 766 1095 semper
802 1032 884 1077 has
921 1033 1096 1095 species
1133 1048 1220 1094 pro
1255 1047 1345 1075 una
1385 1030 1614 1076 babuisse.

379 1118 483 1184 (48)
521 1121 651 1181 (Sine
704 1120 922 1175 nomine3
979 1135 1120 1164 manu
1166 1127 1325 1163 tamen
1363 1118 1548 1163 Linnaei
1588 1134 1678 1163 nu-

448 1202 602 1231 merus
654 1187 864 1231 arenarioe
906 1186 954 1230 in
993 1185 1067 1248 Sp.
1104 1183 1174 1230 Pl.
1211 1184 1281 1229 ed.
1322 1184 1390 1247 lt)
1424 1184 1481 1228 2³1
1517 1185 1678 1248 (atque

445 1251 614 1315 locust)
667 1251 838 1297 Scania.
894 1250 1148 1314 (Smithius
1201 1250 1430 1314 addidiu)
1474 1266 1538 1296 see
1572 1266 1678 1296 acu-

444 1327 622 1363 omnam.

514 1394 644 1441 Folia
685 1403 869 1440 tantum
909 1392 1098 1446 adsunt,
1135 1410 1238 1457 quae
1274 1401 1430 1439 autem
1469 1409 1492 1437 a
1522 1393 1678 1456 priore

443 1460 780 1507 diversissima.
850 1461 971 1506 Sunt
1012 1460 1141 1505 enim
1180 1476 1433 1523 permagna
1471 1458 1564 1504 late
1605 1458 1678 1504 vel

445 1525 885 1581 ovato-lanceolata,
952 1535 1098 1580 acuta,
1165 1524 1675 1580 undulato-crenulata‚

445 1610 585 1656 supra
623 1591 952 1654 glabriuscula‚
992 1591 1158 1637 subtus
1200 1593 1676 1645 incano—tomentosa,

451 1660 579 1704 venis
616 1658 825 1710 elevatis,
862 1657 1053 1720 stipulis
1093 1656 1569 1711 semireniformibus,
1603 1673 1677 1702 ra-

447 1723 580 1769 mulo
624 1725 725 1786 ipso
761 1722 1131 1776 subtonmntoso,
1169 1722 1229 1768 ob
1264 1739 1368 1786 qnae
1404 1724 1562 1768 omnia
1607 1731 1676 1767 to-

448 1798 639 1852 tamque
683 1788 846 1834 faciem
888 1788 984 1834 baec
1020 1789 1218 1834 omnino
1255 1797 1324 1833 est
1362 1787 1509 1833 forma
1547 1787 1675 1833 culta

447 1855 491 1902 S.
527 1854 765 1900 lanceolacoe
803 1855 879 1900 Fr.
907 1867 914 1912 J
950 1855 1182 1912 Quamvis
1218 1871 1274 1899 ex
1310 1854 1410 1899 loco
1437 1854 1677 1917 adscripto

449 1930 592 1984 patet,
648 1920 733 1965 hoc
777 1920 1016 1982 specimen
1062 1921 1110 1964 in
1150 1920 1312 1965 Scania
1350 1936 1446 1965 esse
1483 1918 1674 1975 lectum,

447 1986 535 2032 sub
574 1985 703 2032 nulla
742 1994 900 2031 tamen
941 1986 1218 2040 formarum,
1247 2002 1351 2048 quie
1379 1986 1428 2030 in
1458 1986 1515 2030 It.
1545 1986 1676 2031 Scan.

449 2061 792 2105 memorantur,
830 2051 928 2096 liaec
965 2053 1140 2114 species
1177 2050 1384 2113 intelligi
1421 2059 1585 2114 potest.

381 2139 484 2203 (49)
513 2139 673 2202 'ylauca
725 2135 779 2184 47
832 2139 929 2201 (m.‚
982 2148 1033 2183 nt
1083 2139 1287 2192 videtur,
1335 2156 1491 2202 propr.
1536 2147 1677 2202 atque

447 2205 541 2251 alio
580 2205 720 2267 10002)
756 2203 884 2251 Salioe
911 2204 1062 2266 qlauca.
1092 2205 1216 2267 (post
1244 2205 1369 2268 quod
1400 2204 1676 2268 Smithiust)

451 2288 535 2316 non
570 2282 641 2317 est.

517 2350 581 2393 Et
616 2340 677 2393 cb
715 2347 821 2392 folia
859 2355 904 2392 et
941 2345 1001 2391 ob
1037 2356 1224 2392 amenta
1261 2345 1564 2409 capsulasqne
1601 2364 1676 2392 ea-

448 2413 558 2458 dem
595 2413 639 2458 S.
678 2413 839 2474 qlaucw
875 2411 994 2457 Auel.
1030 2413 1174 2457 scand.
1215 2413 1363 2458 forma
1393 2421 1462 2457 est
1492 2429 1544 2457 ac
1579 2411 1674 2467 ina,

448 2495 552 2541 qnae
602 2477 688 2523 sub
734 2495 863 2523 num.
901 2477 1003 2539 (45)
1039 2487 1318 2531 asservatur,
1356 2487 1402 2523 ct
1439 2479 1512 2524 cui
1550 2479 1674 2525 Smi-

453 2545 580 2590 thins
619 2543 684 2589 ibi
726 2560 896 2589 nomen
939 2543 1186 2604 lapponum
1222 2545 1478 2607 inscripsit.
