1742 3016
1321 145 1379 191 71

213 260 286 323 Sp.
342 259 407 305 Pl.
462 267 660 323 spectal,;
714 257 885 302 deinde
934 274 1073 302 manu
1115 255 1352 314 Smithiit)
1391 254 1454 300 Fl.

219 329 351 389 Lapp.
406 344 446 370 η.
501 326 592 370 446.
629 353 690 360 —-
726 323 764 369 J.
817 324 1021 386 Jacquiui
1065 351 1112 357 ——
1157 324 1252 368 vim.
1304 331 1364 368 est
1416 321 1454 368 J.

222 395 417 440 arcticus.

285 458 491 505 Omnino
544 464 609 500 est
652 455 690 500 J.
735 456 921 500 arcticus
970 455 1107 500 Auctt.
1155 454 1338 507 Scand.;
1374 471 1458 501 nec

219 529 372 572 minus
417 522 717 584 descriptioni
771 523 816 566 in
868 522 893 566 Ι.
929 539 965 566 c.
1002 531 1137 584 atque
1173 523 1457 584 synonymis

218 593 255 638 J.
302 592 429 654 effusi
473 606 498 634 a
541 588 659 650 Spec.
698 587 761 633 Pl.
799 597 835 633 ct
872 597 897 644 β
939 588 1001 633 Fl.
1038 587 1159 632 suec.
1200 587 1460 651 respondet,

218 658 330 704 adeo
383 665 432 702 ut
477 672 560 719 pro
595 664 721 700 certo
759 653 927 700 habere
965 655 1209 718 possimuS,
1248 656 1291 699 id
1331 654 1459 718 quod

221 724 392 787 jamdiu
433 724 554 768 inter
593 722 839 767 Botanicos
874 723 1093 767 convenit
1135 720 1388 784 plerosque,
1423 720 1461 766 J.

217 792 426 837 arcticum
480 805 574 834 esse
618 789 655 835 J.
701 788 886 851 effusum
928 794 953 843 β
993 787 1056 832 Fl.
1095 786 1228 838 Suec„
1267 788 1461 851 ideoque

218 873 468 903 numerum
514 872 654 919 supra
690 856 889 901 citatum
927 871 948 898 a
987 855 1182 900 Linnaeo
1218 853 1461 916 specimini

218 924 509 986 adscriptum
566 921 624 967 ad
678 921 820 967 aliam
867 921 1153 986 sequendam
1191 921 1460 984 opinionem

220 1008 382 1055 parum
424 988 498 1036 vel
537 988 745 1034 nihilum
788 987 952 1040 valere,
988 987 1066 1033 sed
1103 989 1262 1051 potius
1298 1005 1354 1033 ex
1391 1004 1465 1032 ei·-

221 1074 322 1102 rore
363 1073 445 1119 pro
483 1072 610 1101 num.
649 1055 677 1100 3
715 1071 810 1100 esse
846 1056 1090 1118 scriptum.

154 1126 223 1189 (9)
257 1124 435 1188 (Etiam
489 1124 589 1168 sine
635 1123 824 1167 nomine
861 1131 950 1176 est3
987 1138 1127 1166 manu
1166 1137 1322 1184 propr.
1362 1128 1464 1165 tan-

224 1200 324 1235 tum
364 1189 626 1250 numerusz)
664 1190 693 1232 8
729 1189 778 1252 (i.
814 1206 850 1233 e.
887 1187 1141 1232 articulatus
1170 1187 1247 1249 Sp.
1279 1186 1369 1238 Pl.;
1396 1195 1466 1231 at-

223 1275 312 1320 que
360 1273 501 1300 manu
544 1256 622 1299 vix
659 1252 884 1313 Linneeiz)
920 1254 1085 1299 Juncus
1115 1253 1185 1315 fol.
1221 1252 1468 1299 articulosis

231 1352 282 1358 —
329 1323 466 1367 Porto.
512 1324 565 1383 (A
607 1321 810 1366 Smithio
846 1321 1080 1384 deinunu)
1127 1320 1467 1382 lamprocarpus.

294 1389 395 1440 Est,
432 1388 615 1433 etiamsi
654 1389 889 1450 specimen
929 1404 1019 1432 non
1057 1387 1469 1441 Scandinavicum,

225 1457 263 1503 J.
317 1455 644 1517 lamprocarpus
690 1454 819 1500 Elzrlz.
869 1472 946 1500 seu
990 1453 1026 1499 J.
1062 1453 1322 1500 articulatus
1359 1454 1470 1504 Lin„

225 1522 411 1587 qualem
452 1522 710 1567 Secundum
752 1538 888 1584 opera
930 1521 1112 1566 Linnaei
1151 1521 1274 1566 hunc
1303 1536 1472 1582 propo-

228 1598 348 1634 nunt
389 1591 609 1634 Auctores
647 1589 786 1633 nostri
830 1587 1128 1641 recentiores3
1164 1596 1222 1639 et,
1259 1595 1311 1631 ut
1348 1585 1472 1631 indi-

226 1665 299 1701 cat
356 1671 578 1700 numerus
630 1672 652 1699 a
713 1655 905 1699 Linnaeo
949 1653 1229 1716 adscriptus,
1274 1652 1333 1697 ab
1373 1653 1474 1716 ipso

228 1722 367 1768 etiam
411 1738 495 1785 pro
533 1720 616 1765 hac
653 1722 805 1784 speeie
843 1719 1028 1765 habitus
1065 1729 1150 1774 est,
1186 1736 1472 1784 quamquam

224 1806 399 1834 nomen
440 1805 529 1833 non
570 1788 801 1832 additum.

297 1854 560 1901 Dolendum
617 1864 702 1907 est,
754 1853 879 1918 quod
936 1870 1084 1917 neque
1140 1853 1274 1915 hujus
1318 1869 1476 1916 -neque

231 1925 499 1985 cujusquam
548 1920 668 1966 alius
713 1921 899 1984 speciei,
944 1937 1012 1965 ex,
1049 1937 1115 1982 gr.
1153 1920 1291 1982 effusi,
1325 1919 1476 1981 filifor-

234 1989 329 2038 mis,
382 1988 543 2048 bufonii
599 1988 743 2033 forma
799 1988 1055 2032 Linnaeana
1102 1994 1127 2041 β
1173 1987 1221 2030 in
1261 1984 1477 2031 herbario

234 2063 508 2106 asservetur,
553 2070 610 2097 ex
656 2071 743 2118 qua
791 2070 1056 2117 synonyma
1100 2052 1264 2097 harum
1304 2053 1478 2098 incerta

237 2119 456 2165 iilustrari
496 2131 691 2182 possent.

170 2189 274 2252 (11)
310 2187 432 2231 Junc.
487 2184 716 2246 bz'qlumis?
779 2188 940 2248 (manu
997 2201 1164 2248 propr„
1226 2182 1482 2247 infraquet)

238 2253 471 2316 quadri--
516 2253 721 2314 Jacquim'
763 2253 920 2316 (atque
958 2267 1101 2315 prope
1137 2251 1372 2315 specimen
1412 2250 1481 2295 lo-

237 2319 358 2381 cusz)
399 2317 492 2380 Alp.
531 2319 731 2364 Austriae.

307 2384 446 2431 Caule
498 2384 553 2430 ad
612 2384 820 2430 medium
879 2384 1051 2436 soliosn,
1101 2383 1319 2447 capitulis
1359 2382 1481 2428 binis

237 2452 443 2499 breviter
480 2451 817 2515 pedunculatis,
854 2449 1054 2513 capsulis
1081 2449 1304 2513 elongatis
1334 2450 1481 2495 acutis

240 2529 326 2564 etc.
364 2518 441 2563 hic
479 2519 676 2563 minime
713 2527 782 2563 est
817 2517 853 2563 J.
891 2516 1104 2580 biqlumi&
1142 2517 1294 2580 potius
1322 2525 1478 2562 autem

244 2602 327 2648 pro
364 2584 509 2631 forma
547 2584 584 2629 J.
621 2586 811 2630 castanei
848 2582 1106 2630 habendus.
