1742 3016
1368 138 1430 185 59

118 249 228 295 342.
284 251 479 296 Bonum.

184 352 253 414 (1)
291 349 652 396 Bulbocastanum
681 348 703 391 ‘l
730 347 895 409 (manu
926 365 1109 412 propr.;
1146 357 1290 411 alque
1319 367 1341 394 a
1373 350 1498 395 Smi-

252 417 400 474 thioz)
455 425 525 460 not
583 431 639 459 an
696 413 884 477 oriqinal
939 431 1077 477 specm
1114 415 1159 476 os
1197 415 1277 476 Sp.
1317 415 1392 473 Pl.,
1428 416 1498 460 but

249 487 286 528 is
321 483 449 544 riqht.

318 572 469 616 Locus
507 568 654 620 deest,
693 568 757 613 ita
798 577 849 612 ut
888 566 993 613 heic
1023 568 1082 613 de
1113 569 1160 614 B.
1188 569 1499 615 Bulbocastano

248 635 481 698 eosquod
529 637 580 680 in
627 635 837 681 Novitiis
875 633 1029 680 Florae
1067 634 1283 690 Suecicae,
1323 637 1499 682 Faunae

247 703 449 748 Suecicae
476 703 684 757 insertis,
714 702 942 747 Linnaeus
967 701 1087 746 dicit
1107 717 1206 746 esse
1233 702 1283 746 in
1315 704 1498 748 monti-

246 769 335 814 bus
363 769 571 814 arenosis
604 775 750 832 propte
770 769 951 829 Bergeu
976 767 1223 830 Norvegiae
1243 785 1265 812 a
1287 768 1498 814 Martiuo

248 837 522 888 inventum,
556 834 682 881 nihil
713 835 894 880 discere
925 833 1080 888 liceat,
1118 843 1285 879 utrum
1329 851 1496 880 verum

248 902 393 948 fuerit
430 903 469 948 B
523 901 880 948 Bulbocascanum
918 901 1122 952 Linnaei,
1158 917 1230 955 an,
1269 901 1319 946 id
1366 901 1497 964 quod

248 970 407 1032 po‘tius
437 978 643 1032 putares,
682 969 841 1032 primo
871 984 978 1012 cum
1011 967 1300 1029 Choeroplzyllo
1335 967 1498 1013 bulboso

249 1045 595 1098 permutatum,
633 1034 777 1098 quod,
817 1044 870 1079 ut
907 1042 1106 1087 constat,
1153 1033 1406 1080 nonnullis
1443 1035 1495 1080 in

247 1101 362 1147 locis
400 1102 664 1147 secuudum
704 1117 835 1146 oram
869 1100 1117 1162 Norvegiae
1145 1100 1495 1146 occidentalem

249 1167 367 1213 olim
400 1167 667 1229 legebatur3
706 1184 850 1230 quam
889 1174 1050 1210 tamen
1082 1167 1358 1229 opinionem
1393 1167 1495 1231 [seu

250 1235 299 1279 B.
339 1233 571 1280 Bulbocast.
611 1233 636 1278 l.
670 1252 700 1279 c.
755 1232 879 1278 nihil
916 1231 1049 1277 aliud
1089 1231 1231 1278 fuisse
1259 1249 1311 1278 ac
1331 1232 1498 1279 Choero-

253 1299 383 1362 phyll.
412 1300 645 1364 bulbosum]
678 1299 726 1344 id
748 1300 1034 1344 confirmare
1059 1298 1264 1354 videtur,
1294 1299 1424 1362 quod
1445 1301 1498 1346 in

253 1383 336 1412 suo
393 1367 546 1412 Florae
599 1367 801 1412 Suecicae
837 1364 1104 1428 exemplari
1141 1365 1370 1411 Linnaeus
1416 1383 1498 1411 sua

251 1450 396 1478 manu
434 1432 710 1478 adnotavit:
755 1430 1058 1493 »Choerophylt
1096 1430 1242 1477 bulbos.
1283 1461 1340 1467 —
1383 1433 1497 1478 Nor-

251 1500 396 1560 veqia,
432 1500 614 1560 Berqen.
670 1499 870 1549 Marti-n»,
907 1514 1027 1561 quae,
1064 1497 1193 1560 quod
1235 1497 1295 1544 ad
1334 1497 1497 1544 locum

249 1574 391 1627 atque
422 1581 599 1610 nomen
628 1565 912 1618 inventoris,
940 1564 1142 1609 omnino
1171 1564 1338 1609 eadem
1367 1574 1495 1620 sunt,

247 1647 353 1693 quae
391 1631 493 1676 loco
530 1648 670 1694 supra
700 1632 845 1677 citato
875 1629 1059 1694 [Fauna
1089 1629 1242 1695 Sueo]
1273 1630 1333 1676 de
1353 1631 1496 1677 Bum‘o

247 1698 487 1742 Bulbocasc.
526 1698 668 1743 dixit.

317 1786 569 1849 Specimen
607 1793 768 1830 autem
805 1785 857 1829 in
895 1783 1133 1838 herbario,
1163 1784 1292 1849 quod
1323 1786 1496 1831 inscri-

250 1849 383 1897 bitur
437 1853 633 1898 Bunium
686 1851 942 1901 Bulbocast„
990 1850 1282 1915 ubicumque
1318 1860 1388 1897 est
1427 1851 1495 1897 le-

254 1926 402 1972 ctum,
456 1917 682 1964 omnibus
735 1934 793 1962 ex
848 1916 1066 1980 partibus
1123 1934 1291 1963 verum
1337 1925 1407 1962 est
1444 1918 1493 1962 B.

252 1983 482 2029 Bulbocast.
536 1985 626 2029 Lm.
680 1992 727 2029 et
780 1982 869 2030 Sm
926 1984 992 2029 Fl.
1038 1984 1163 2039 Brit„
1208 2000 1287 2029 seu
1334 1984 1496 2030 Carum

252 2049 488 2095 Bulbocast.
546 2050 659 2096 Koch
711 2059 749 2095 et
802 2050 939 2095 Auctt.
993 2059 1157 2101 recent„
1211 2048 1345 2095 caule
1395 2058 1496 2096 toto

250 2115 554 2178 glaberrimQ
618 2115 860 2162 involucri
922 2115 1100 2162 foliolis
1153 2114 1300 2171 6—-8‚
1354 2115 1497 2178 stylis

250 2182 450 2228 deflexis
496 2192 542 2228 et
591 2183 773 2236 ceteris,
815 2199 966 2245 quum
1004 2199 1027 2227 a
1065 2182 1283 2244 Choeroph.
1319 2181 1496 2236 bulboso,

254 2258 357 2294 tum
397 2266 421 2294 a
450 2249 593 2294 Bum'o
617 2248 811 2312 flexuoso
839 2249 1039 2294 omnino
1059 2248 1322 2295 diversum.
1360 2247 1494 2294 Folia

253 2332 349 2360 non
387 2314 576 2361 adsunt.

118 2423 227 2470 344.
275 2425 487 2471 SELlNum.
821 2475 824 2479 Ι

185 2513 263 2569 (1)
298 2513 498 2575 sylvestre
528 2515 550 2558 ‘l
577 2514 747 2576 (manu
777 2530 952 2579 propr„
970 2529 1102 2578 aeque
1122 2529 1174 2559 ac
1193 2511 1354 2577 locus:)
1374 2510 1428 2557 H.
1447 2509 1494 2557 V.
