<?xml version="1.0" encoding="UTF-8"?>
<!DOCTYPE html PUBLIC "-//W3C//DTD XHTML 1.0 Transitional//EN"
    "http://www.w3.org/TR/xhtml1/DTD/xhtml1-transitional.dtd">
<html xmlns="http://www.w3.org/1999/xhtml" xml:lang="en" lang="en">
 <head>
  <title>
</title>
<meta http-equiv="Content-Type" content="text/html;charset=utf-8" />
  <meta name='ocr-system' content='tesseract 3.04.00' />
  <meta name='ocr-capabilities' content='ocr_page ocr_carea ocr_par ocr_line ocrx_word'/>
</head>
<body>
  <div class='ocr_page' id='page_1' title='image "annotationesdepl00hart_0142.png"; bbox 0 0 1742 3016; ppageno 0'>
   <div class='ocr_carea' id='block_1_1' title="bbox 347 144 441 188">
    <p class='ocr_par' dir='ltr' id='par_1_1' title="bbox 347 144 441 188">
     <span class='ocr_line' id='line_1_1' title="bbox 347 144 441 188; baseline 0 0"><span class='ocrx_word' id='word_1_1' title='bbox 347 144 441 188; x_wconf 82' lang='lat'><strong>130</strong></span> 
     </span>
    </p>
   </div>
   <div class='ocr_carea' id='block_1_2' title="bbox 337 253 1621 2638">
    <p class='ocr_par' dir='ltr' id='par_1_2' title="bbox 404 253 1621 1774">
     <span class='ocr_line' id='line_1_2' title="bbox 473 253 1617 319; baseline 0.002 -21"><span class='ocrx_word' id='word_1_2' title='bbox 473 253 708 299; x_wconf 79' lang='lat' dir='ltr'><strong>Numerus</strong></span> <span class='ocrx_word' id='word_1_3' title='bbox 742 254 884 316; x_wconf 85' lang='lat' dir='ltr'><strong>igitur</strong></span> <span class='ocrx_word' id='word_1_4' title='bbox 919 255 1102 305; x_wconf 77' lang='lat' dir='ltr'><strong>citatus,</strong></span> <span class='ocrx_word' id='word_1_5' title='bbox 1140 255 1218 316; x_wconf 83' lang='lat' dir='ltr'><strong>qui</strong></span> <span class='ocrx_word' id='word_1_6' title='bbox 1260 253 1311 298; x_wconf 82' lang='lat' dir='ltr'><em>H.</em></span> <span class='ocrx_word' id='word_1_7' title='bbox 1348 255 1504 300; x_wconf 82' lang='lat' dir='ltr'><strong>Aurio.</strong></span> <span class='ocrx_word' id='word_1_8' title='bbox 1540 255 1617 319; x_wconf 87' lang='lat' dir='ltr'><strong>Sp.</strong></span> 
     </span>
     <span class='ocr_line' id='line_1_3' title="bbox 408 319 1616 383; baseline 0 -17"><span class='ocrx_word' id='word_1_9' title='bbox 408 319 475 366; x_wconf 90' lang='lat' dir='ltr'><strong>Pl.</strong></span> <span class='ocrx_word' id='word_1_10' title='bbox 512 319 583 365; x_wconf 89' lang='lat' dir='ltr'><strong>ed.</strong></span> <span class='ocrx_word' id='word_1_11' title='bbox 625 322 645 365; x_wconf 92' lang='lat'><strong>1</strong></span> <span class='ocrx_word' id='word_1_12' title='bbox 685 329 873 383; x_wconf 84' lang='lat' dir='ltr'><strong>spectat,</strong></span> <span class='ocrx_word' id='word_1_13' title='bbox 902 329 1039 383; x_wconf 83' lang='lat' dir='ltr'><strong>atque</strong></span> <span class='ocrx_word' id='word_1_14' title='bbox 1067 336 1366 382; x_wconf 42' lang='lat' dir='ltr'><strong>synon-ymon</strong></span> <span class='ocrx_word' id='word_1_15' title='bbox 1397 320 1616 375; x_wconf 70' lang='lat' dir='ltr'><strong>Bauffini,</strong></span> 
     </span>
     <span class='ocr_line' id='line_1_4' title="bbox 406 385 1616 449; baseline 0.001 -18"><span class='ocrx_word' id='word_1_16' title='bbox 406 385 546 431; x_wconf 82' lang='lat' dir='ltr'><strong>ambo</strong></span> <span class='ocrx_word' id='word_1_17' title='bbox 598 403 621 431; x_wconf 90' lang='lat' dir='ltr'><strong>a</strong></span> <span class='ocrx_word' id='word_1_18' title='bbox 675 387 870 432; x_wconf 86' lang='lat' dir='ltr'><strong>Linnaeo</strong></span> <span class='ocrx_word' id='word_1_19' title='bbox 923 386 1171 449; x_wconf 82' lang='lat' dir='ltr'><strong>adsciipta‚</strong></span> <span class='ocrx_word' id='word_1_20' title='bbox 1227 386 1455 442; x_wconf 87' lang='lat' dir='ltr'><strong>indicant,</strong></span> <span class='ocrx_word' id='word_1_21' title='bbox 1508 404 1616 432; x_wconf 87' lang='lat' dir='ltr'><strong>eum</strong></span> 
     </span>
     <span class='ocr_line' id='line_1_5' title="bbox 406 451 1616 517; baseline 0.001 -19"><span class='ocrx_word' id='word_1_22' title='bbox 406 454 560 516; x_wconf 85' lang='lat' dir='ltr'><strong>ipsum</strong></span> <span class='ocrx_word' id='word_1_23' title='bbox 613 451 834 498; x_wconf 90' lang='lat' dir='ltr'><strong>hocloco</strong></span> <span class='ocrx_word' id='word_1_24' title='bbox 881 453 930 498; x_wconf 92' lang='lat' dir='ltr'><strong>H.</strong></span> <span class='ocrx_word' id='word_1_25' title='bbox 968 452 1212 498; x_wconf 68' lang='lat' dir='ltr'><strong>Amiculam</strong></span> <span class='ocrx_word' id='word_1_26' title='bbox 1255 453 1482 499; x_wconf 75' lang='lat' dir='ltr'><strong>asservari</strong></span> <span class='ocrx_word' id='word_1_27' title='bbox 1529 471 1616 517; x_wconf 89' lang='lat' dir='ltr'><strong>pu-</strong></span> 
     </span>
     <span class='ocr_line' id='line_1_6' title="bbox 410 517 1620 582; baseline 0.001 -18"><span class='ocrx_word' id='word_1_28' title='bbox 410 529 537 572; x_wconf 84' lang='lat' dir='ltr'><strong>tasse,</strong></span> <span class='ocrx_word' id='word_1_29' title='bbox 574 528 712 582; x_wconf 83' lang='lat' dir='ltr'><strong>atque</strong></span> <span class='ocrx_word' id='word_1_30' title='bbox 750 521 920 564; x_wconf 88' lang='lat' dir='ltr'><strong>merito</strong></span> <span class='ocrx_word' id='word_1_31' title='bbox 953 521 1094 565; x_wconf 85' lang='lat' dir='ltr'><strong>etiam</strong></span> <span class='ocrx_word' id='word_1_32' title='bbox 1133 519 1191 565; x_wconf 87' lang='lat' dir='ltr'><strong>de</strong></span> <span class='ocrx_word' id='word_1_33' title='bbox 1226 517 1373 564; x_wconf 76' lang='lat' dir='ltr'><strong>alteio</strong></span> <span class='ocrx_word' id='word_1_34' title='bbox 1399 520 1620 582; x_wconf 79' lang='lat' dir='ltr'><strong>specimi-</strong></span> 
     </span>
     <span class='ocr_line' id='line_1_7' title="bbox 408 584 1619 649; baseline 0.002 -19"><span class='ocrx_word' id='word_1_35' title='bbox 408 602 522 630; x_wconf 86' lang='lat' dir='ltr'><strong>num</strong></span> <span class='ocrx_word' id='word_1_36' title='bbox 564 584 733 639; x_wconf 86' lang='lat' dir='ltr'><strong>valent,</strong></span> <span class='ocrx_word' id='word_1_37' title='bbox 770 586 896 649; x_wconf 85' lang='lat' dir='ltr'><strong>quod</strong></span> <span class='ocrx_word' id='word_1_38' title='bbox 933 585 1191 631; x_wconf 78' lang='lat' dir='ltr'><strong>lhizomate</strong></span> <span class='ocrx_word' id='word_1_39' title='bbox 1227 585 1514 641; x_wconf 76' lang='lat' dir='ltr'><strong>stolonifeio,</strong></span> <span class='ocrx_word' id='word_1_40' title='bbox 1550 585 1619 632; x_wconf 82' lang='lat' dir='ltr'><strong>so-</strong></span> 
     </span>
     <span class='ocr_line' id='line_1_8' title="bbox 408 650 1620 715; baseline 0.001 -18"><span class='ocrx_word' id='word_1_41' title='bbox 408 651 486 697; x_wconf 90' lang='lat' dir='ltr'><strong>liis</strong></span> <span class='ocrx_word' id='word_1_42' title='bbox 522 650 775 713; x_wconf 84' lang='lat' dir='ltr'><strong>lingulatis‚</strong></span> <span class='ocrx_word' id='word_1_43' title='bbox 811 651 1002 707; x_wconf 84' lang='lat' dir='ltr'><strong>obtusis,</strong></span> <span class='ocrx_word' id='word_1_44' title='bbox 1038 651 1226 715; x_wconf 86' lang='lat' dir='ltr'><strong>glaucis,</strong></span> <span class='ocrx_word' id='word_1_45' title='bbox 1255 651 1314 697; x_wconf 91' lang='lat' dir='ltr'><strong>de</strong></span> <span class='ocrx_word' id='word_1_46' title='bbox 1341 662 1494 698; x_wconf 86' lang='lat' dir='ltr'><strong>cetero</strong></span> <span class='ocrx_word' id='word_1_47' title='bbox 1522 651 1620 715; x_wconf 83' lang='lat' dir='ltr'><strong>gla-</strong></span> 
     </span>
     <span class='ocr_line' id='line_1_9' title="bbox 405 717 1619 783; baseline 0 -19"><span class='ocrx_word' id='word_1_48' title='bbox 405 717 639 772; x_wconf 86' lang='lat' dir='ltr'><strong>berrimis,</strong></span> <span class='ocrx_word' id='word_1_49' title='bbox 676 718 756 764; x_wconf 86' lang='lat' dir='ltr'><strong>sed</strong></span> <span class='ocrx_word' id='word_1_50' title='bbox 792 718 977 773; x_wconf 65' lang='lat' dir='ltr'><strong>cili-atis,</strong></span> <span class='ocrx_word' id='word_1_51' title='bbox 1014 736 1148 781; x_wconf 88' lang='lat' dir='ltr'><strong>scapo</strong></span> <span class='ocrx_word' id='word_1_52' title='bbox 1184 718 1402 764; x_wconf 86' lang='lat' dir='ltr'><strong>subnudo</strong></span> <span class='ocrx_word' id='word_1_53' title='bbox 1437 720 1619 783; x_wconf 84' lang='lat' dir='ltr'><strong>capitu-</strong></span> 
     </span>
     <span class='ocr_line' id='line_1_10' title="bbox 406 783 1621 848; baseline -0.001 -18"><span class='ocrx_word' id='word_1_54' title='bbox 406 783 464 830; x_wconf 87' lang='lat' dir='ltr'><strong>lis</strong></span> <span class='ocrx_word' id='word_1_55' title='bbox 499 786 655 847; x_wconf 79' lang='lat' dir='ltr'>paucis</span> <span class='ocrx_word' id='word_1_56' title='bbox 691 785 769 848; x_wconf 85' lang='lat'>(6),</span> <span class='ocrx_word' id='word_1_57' title='bbox 808 794 994 848; x_wconf 87' lang='lat' dir='ltr'><strong>totaque</strong></span> <span class='ocrx_word' id='word_1_58' title='bbox 1032 785 1159 835; x_wconf 74' lang='lat' dir='ltr'><strong>faeie,</strong></span> <span class='ocrx_word' id='word_1_59' title='bbox 1195 784 1317 831; x_wconf 82' lang='lat' dir='ltr'><strong>clare</strong></span> <span class='ocrx_word' id='word_1_60' title='bbox 1345 794 1412 830; x_wconf 83' lang='lat' dir='ltr'><strong>est</strong></span> <span class='ocrx_word' id='word_1_61' title='bbox 1440 786 1494 831; x_wconf 89' lang='lat' dir='ltr'><strong>H.</strong></span> <span class='ocrx_word' id='word_1_62' title='bbox 1532 786 1621 830; x_wconf 85' lang='lat' dir='ltr'><strong>Au-</strong></span> 
     </span>
     <span class='ocr_line' id='line_1_11' title="bbox 406 851 1614 914; baseline 0.002 -19"><span class='ocrx_word' id='word_1_63' title='bbox 406 851 540 896; x_wconf 74' lang='lat' dir='ltr'><strong>ricula</strong></span> <span class='ocrx_word' id='word_1_64' title='bbox 595 852 634 897; x_wconf 92' lang='lat' dir='ltr'><strong>L.</strong></span> <span class='ocrx_word' id='word_1_65' title='bbox 686 860 722 896; x_wconf 83' lang='lat' dir='ltr'><strong>et</strong></span> <span class='ocrx_word' id='word_1_66' title='bbox 767 851 885 896; x_wconf 79' lang='lat' dir='ltr'><em>Aucc.</em></span> <span class='ocrx_word' id='word_1_67' title='bbox 941 851 1082 898; x_wconf 80' lang='lat' dir='ltr'><strong>scand.</strong></span> <span class='ocrx_word' id='word_1_68' title='bbox 1125 869 1232 896; x_wconf 75' lang='lat' dir='ltr'><strong>omn.</strong></span> <span class='ocrx_word' id='word_1_69' title='bbox 1268 879 1331 885; x_wconf 82' lang='lat'><strong>-——</strong></span> <span class='ocrx_word' id='word_1_70' title='bbox 1369 852 1614 914; x_wconf 85' lang='lat' dir='ltr'><strong>Specimen</strong></span> 
     </span>
     <span class='ocr_line' id='line_1_12' title="bbox 406 917 1619 981; baseline 0.001 -18"><span class='ocrx_word' id='word_1_71' title='bbox 406 927 561 963; x_wconf 83' lang='lat' dir='ltr'><strong>autem</strong></span> <span class='ocrx_word' id='word_1_72' title='bbox 599 917 816 972; x_wconf 82' lang='lat' dir='ltr'><strong>alterum,</strong></span> <span class='ocrx_word' id='word_1_73' title='bbox 853 917 978 981; x_wconf 87' lang='lat' dir='ltr'><strong>quod</strong></span> <span class='ocrx_word' id='word_1_74' title='bbox 1015 917 1178 981; x_wconf 86' lang='lat' dir='ltr'><strong>procul</strong></span> <span class='ocrx_word' id='word_1_75' title='bbox 1215 917 1360 963; x_wconf 84' lang='lat' dir='ltr'><strong>dubio</strong></span> <span class='ocrx_word' id='word_1_76' title='bbox 1388 919 1619 964; x_wconf 81' lang='lat' dir='ltr'><strong>Smithius</strong></span> 
     </span>
     <span class='ocr_line' id='line_1_13' title="bbox 407 983 1620 1046; baseline 0.001 -17"><span class='ocrx_word' id='word_1_77' title='bbox 407 985 596 1029; x_wconf 84' lang='lat' dir='ltr'><strong>nomine</strong></span> <span class='ocrx_word' id='word_1_78' title='bbox 631 1001 654 1028; x_wconf 85' lang='lat' dir='ltr'><strong>a</strong></span> <span class='ocrx_word' id='word_1_79' title='bbox 691 1001 737 1029; x_wconf 88' lang='lat' dir='ltr'><strong>se</strong></span> <span class='ocrx_word' id='word_1_80' title='bbox 774 983 1011 1046; x_wconf 82' lang='lat' dir='ltr'><strong>adscripto</strong></span> <span class='ocrx_word' id='word_1_81' title='bbox 1040 983 1291 1037; x_wconf 74' lang='lat' dir='ltr'><strong>intellexit,</strong></span> <span class='ocrx_word' id='word_1_82' title='bbox 1322 986 1518 1030; x_wconf 84' lang='lat' dir='ltr'><strong>omnino</strong></span> <span class='ocrx_word' id='word_1_83' title='bbox 1545 985 1620 1030; x_wconf 84' lang='lat' dir='ltr'><strong>di-</strong></span> 
     </span>
     <span class='ocr_line' id='line_1_14' title="bbox 411 1049 1619 1112; baseline 0 -17"><span class='ocrx_word' id='word_1_84' title='bbox 411 1067 595 1095; x_wconf 82' lang='lat' dir='ltr'><strong>versum</strong></span> <span class='ocrx_word' id='word_1_85' title='bbox 633 1059 702 1095; x_wconf 85' lang='lat' dir='ltr'><strong>est</strong></span> <span class='ocrx_word' id='word_1_86' title='bbox 737 1058 890 1112; x_wconf 85' lang='lat' dir='ltr'><strong>atque,</strong></span> <span class='ocrx_word' id='word_1_87' title='bbox 928 1049 1053 1112; x_wconf 89' lang='lat' dir='ltr'><strong>quod</strong></span> <span class='ocrx_word' id='word_1_88' title='bbox 1090 1049 1144 1094; x_wconf 86' lang='lat' dir='ltr'><strong>ad</strong></span> <span class='ocrx_word' id='word_1_89' title='bbox 1188 1049 1349 1094; x_wconf 84' lang='lat' dir='ltr'><strong>faciem</strong></span> <span class='ocrx_word' id='word_1_90' title='bbox 1389 1059 1513 1095; x_wconf 86' lang='lat' dir='ltr'><strong>certe</strong></span> <span class='ocrx_word' id='word_1_91' title='bbox 1548 1060 1619 1095; x_wconf 88' lang='lat' dir='ltr'><strong>at-</strong></span> 
     </span>
     <span class='ocr_line' id='line_1_15' title="bbox 408 1114 1618 1178; baseline 0.001 -17"><span class='ocrx_word' id='word_1_92' title='bbox 408 1117 528 1161; x_wconf 88' lang='lat' dir='ltr'><strong>tinet</strong></span> <span class='ocrx_word' id='word_1_93' title='bbox 571 1114 721 1178; x_wconf 82' lang='lat' dir='ltr'><strong>(notas</strong></span> <span class='ocrx_word' id='word_1_94' title='bbox 766 1116 893 1160; x_wconf 87' lang='lat' dir='ltr'><strong>enim</strong></span> <span class='ocrx_word' id='word_1_95' title='bbox 939 1115 1174 1161; x_wconf 76' lang='lat' dir='ltr'>involucri</span> <span class='ocrx_word' id='word_1_96' title='bbox 1221 1115 1345 1161; x_wconf 86' lang='lat' dir='ltr'><strong>haud</strong></span> <span class='ocrx_word' id='word_1_97' title='bbox 1381 1115 1499 1162; x_wconf 86' lang='lat' dir='ltr'><strong>bene</strong></span> <span class='ocrx_word' id='word_1_98' title='bbox 1535 1116 1618 1162; x_wconf 91' lang='lat' dir='ltr'><strong>ob-</strong></span> 
     </span>
     <span class='ocr_line' id='line_1_16' title="bbox 404 1181 1618 1257; baseline 0 -29"><span class='ocrx_word' id='word_1_99' title='bbox 404 1198 588 1228; x_wconf 75' lang='lat' dir='ltr'><strong>ser&#39;vale</strong></span> <span class='ocrx_word' id='word_1_100' title='bbox 632 1181 798 1244; x_wconf 86' lang='lat' dir='ltr'><strong>licuit),</strong></span> <span class='ocrx_word' id='word_1_101' title='bbox 841 1181 896 1226; x_wconf 78' lang='lat' dir='ltr'><strong>ad</strong></span> <span class='ocrx_word' id='word_1_102' title='bbox 936 1183 1139 1257; x_wconf 63' lang='lat' dir='ltr'><strong>Stiipem</strong></span> <span class='ocrx_word' id='word_1_103' title='bbox 1180 1183 1232 1227; x_wconf 90' lang='lat' dir='ltr'><strong>H.</strong></span> <span class='ocrx_word' id='word_1_104' title='bbox 1269 1181 1438 1244; x_wconf 78' lang='lat' dir='ltr'><strong>proealci</strong></span> <span class='ocrx_word' id='word_1_105' title='bbox 1473 1184 1618 1246; x_wconf 85' lang='lat' dir='ltr'><strong>perti—</strong></span> 
     </span>
     <span class='ocr_line' id='line_1_17' title="bbox 406 1248 1620 1312; baseline 0 -18"><span class='ocrx_word' id='word_1_106' title='bbox 406 1265 515 1294; x_wconf 82' lang='lat' dir='ltr'><strong>nere</strong></span> <span class='ocrx_word' id='word_1_107' title='bbox 546 1248 746 1303; x_wconf 86' lang='lat' dir='ltr'><strong>videtur,</strong></span> <span class='ocrx_word' id='word_1_108' title='bbox 773 1249 1019 1312; x_wconf 83' lang='lat' dir='ltr'><strong>specimini</strong></span> <span class='ocrx_word' id='word_1_109' title='bbox 1050 1248 1152 1312; x_wconf 90' lang='lat' dir='ltr'><strong>pl</strong></span> <span class='ocrx_word' id='word_1_110' title='bbox 1103 1248 1248 1295; x_wconf 68' lang='lat' dir='ltr'><strong>noulae</strong></span> <span class='ocrx_word' id='word_1_111' title='bbox 1277 1249 1458 1312; x_wconf 79' lang='lat' dir='ltr'><strong>pr·‚i01is</strong></span> <span class='ocrx_word' id='word_1_112' title='bbox 1488 1267 1620 1295; x_wconf 86' lang='lat' dir='ltr'><strong>num.</strong></span> 
     </span>
     <span class='ocr_line' id='line_1_18' title="bbox 404 1314 1619 1379; baseline 0.002 -19"><span class='ocrx_word' id='word_1_113' title='bbox 404 1314 486 1379; x_wconf 86' lang='lat'>(5),</span> <span class='ocrx_word' id='word_1_114' title='bbox 523 1315 581 1360; x_wconf 84' lang='lat' dir='ltr'><strong>de</strong></span> <span class='ocrx_word' id='word_1_115' title='bbox 608 1324 761 1361; x_wconf 80' lang='lat' dir='ltr'><strong>ceteio</strong></span> <span class='ocrx_word' id='word_1_116' title='bbox 787 1314 1106 1367; x_wconf 82' lang='lat' dir='ltr'><strong>simillimum,</strong></span> <span class='ocrx_word' id='word_1_117' title='bbox 1137 1316 1212 1361; x_wconf 83' lang='lat' dir='ltr'><strong>sed</strong></span> <span class='ocrx_word' id='word_1_118' title='bbox 1247 1315 1369 1361; x_wconf 85' lang='lat' dir='ltr'><strong>foliis</strong></span> <span class='ocrx_word' id='word_1_119' title='bbox 1397 1315 1619 1362; x_wconf 75' lang='lat' dir='ltr'><strong>diffeiens</strong></span> 
     </span>
     <span class='ocr_line' id='line_1_19' title="bbox 405 1381 1618 1446; baseline 0.002 -20"><span class='ocrx_word' id='word_1_120' title='bbox 405 1381 650 1427; x_wconf 82' lang='lat' dir='ltr'><strong>latioribus</strong></span> <span class='ocrx_word' id='word_1_121' title='bbox 686 1382 942 1445; x_wconf 83' lang='lat' dir='ltr'><strong>infimaque</strong></span> <span class='ocrx_word' id='word_1_122' title='bbox 978 1381 1124 1427; x_wconf 88' lang='lat' dir='ltr'><strong>caulis</strong></span> <span class='ocrx_word' id='word_1_123' title='bbox 1161 1391 1291 1445; x_wconf 86' lang='lat' dir='ltr'><strong>parte</strong></span> <span class='ocrx_word' id='word_1_124' title='bbox 1327 1382 1516 1428; x_wconf 85' lang='lat' dir='ltr'><strong>densius</strong></span> <span class='ocrx_word' id='word_1_125' title='bbox 1546 1383 1618 1446; x_wconf 88' lang='lat' dir='ltr'><strong>pi-</strong></span> 
     </span>
     <span class='ocr_line' id='line_1_20' title="bbox 405 1447 1619 1511; baseline 0.002 -18"><span class='ocrx_word' id='word_1_126' title='bbox 405 1447 511 1494; x_wconf 83' lang='lat' dir='ltr'><strong>losa.</strong></span> <span class='ocrx_word' id='word_1_127' title='bbox 565 1447 740 1494; x_wconf 84' lang='lat' dir='ltr'><strong>Utrum</strong></span> <span class='ocrx_word' id='word_1_128' title='bbox 775 1465 884 1493; x_wconf 89' lang='lat' dir='ltr'><strong>vero</strong></span> <span class='ocrx_word' id='word_1_129' title='bbox 911 1448 1088 1503; x_wconf 79' lang='lat' dir='ltr'><strong>eadem,</strong></span> <span class='ocrx_word' id='word_1_130' title='bbox 1119 1466 1175 1494; x_wconf 87' lang='lat' dir='ltr'><strong>an</strong></span> <span class='ocrx_word' id='word_1_131' title='bbox 1213 1448 1299 1493; x_wconf 77' lang='lat' dir='ltr'><strong>alia</strong></span> <span class='ocrx_word' id='word_1_132' title='bbox 1336 1450 1397 1494; x_wconf 87' lang='lat' dir='ltr'><strong>sit</strong></span> <span class='ocrx_word' id='word_1_133' title='bbox 1432 1451 1619 1511; x_wconf 82' lang='lat' dir='ltr'><strong>specieS,</strong></span> 
     </span>
     <span class='ocr_line' id='line_1_21' title="bbox 404 1514 1616 1578; baseline 0.001 -18"><span class='ocrx_word' id='word_1_134' title='bbox 404 1515 638 1578; x_wconf 79' lang='lat' dir='ltr'><strong>equidem,</strong></span> <span class='ocrx_word' id='word_1_135' title='bbox 667 1514 1012 1560; x_wconf 74' lang='lat' dir='ltr'><strong>characteribus</strong></span> <span class='ocrx_word' id='word_1_136' title='bbox 1039 1515 1202 1560; x_wconf 79' lang='lat' dir='ltr'><strong>multis</strong></span> <span class='ocrx_word' id='word_1_137' title='bbox 1223 1514 1547 1561; x_wconf 75' lang='lat' dir='ltr'><strong>essentialibus</strong></span> <span class='ocrx_word' id='word_1_138' title='bbox 1569 1517 1616 1561; x_wconf 90' lang='lat' dir='ltr'><strong>in</strong></span> 
     </span>
     <span class='ocr_line' id='line_1_22' title="bbox 404 1581 1619 1644; baseline 0.002 -18"><span class='ocrx_word' id='word_1_139' title='bbox 404 1582 661 1644; x_wconf 85' lang='lat' dir='ltr'><strong>specimine</strong></span> <span class='ocrx_word' id='word_1_140' title='bbox 697 1582 924 1626; x_wconf 83' lang='lat' dir='ltr'><strong>exsiccato</strong></span> <span class='ocrx_word' id='word_1_141' title='bbox 960 1582 1021 1626; x_wconf 83' lang='lat' dir='ltr'><strong>ita</strong></span> <span class='ocrx_word' id='word_1_142' title='bbox 1059 1581 1357 1637; x_wconf 73' lang='lat' dir='ltr'><strong>oblitteratis,</strong></span> <span class='ocrx_word' id='word_1_143' title='bbox 1397 1590 1447 1627; x_wconf 87' lang='lat' dir='ltr'><strong>ut</strong></span> <span class='ocrx_word' id='word_1_144' title='bbox 1482 1581 1619 1628; x_wconf 89' lang='lat' dir='ltr'><strong>oculo</strong></span> 
     </span>
     <span class='ocr_line' id='line_1_23' title="bbox 405 1646 1616 1711; baseline 0.002 -20"><span class='ocrx_word' id='word_1_145' title='bbox 405 1648 547 1708; x_wconf 82' lang='lat' dir='ltr'><strong>magis</strong></span> <span class='ocrx_word' id='word_1_146' title='bbox 584 1648 632 1692; x_wconf 91' lang='lat' dir='ltr'><strong>in</strong></span> <span class='ocrx_word' id='word_1_147' title='bbox 671 1646 754 1692; x_wconf 86' lang='lat' dir='ltr'><strong>hoe</strong></span> <span class='ocrx_word' id='word_1_148' title='bbox 783 1648 965 1692; x_wconf 88' lang='lat' dir='ltr'><strong>Genere</strong></span> <span class='ocrx_word' id='word_1_149' title='bbox 995 1649 1248 1693; x_wconf 81' lang='lat' dir='ltr'><strong>exercitato</strong></span> <span class='ocrx_word' id='word_1_150' title='bbox 1279 1649 1356 1693; x_wconf 89' lang='lat' dir='ltr'><strong>vix</strong></span> <span class='ocrx_word' id='word_1_151' title='bbox 1383 1648 1616 1711; x_wconf 85' lang='lat' dir='ltr'><strong>perspicui</strong></span> 
     </span>
     <span class='ocr_line' id='line_1_24' title="bbox 406 1712 1408 1774; baseline 0 -16"><span class='ocrx_word' id='word_1_152' title='bbox 406 1712 559 1758; x_wconf 78' lang='lat' dir='ltr'><strong>forsan</strong></span> <span class='ocrx_word' id='word_1_153' title='bbox 595 1722 760 1766; x_wconf 85' lang='lat' dir='ltr'><strong>essent,</strong></span> <span class='ocrx_word' id='word_1_154' title='bbox 801 1713 921 1757; x_wconf 83' lang='lat' dir='ltr'><strong>baud</strong></span> <span class='ocrx_word' id='word_1_155' title='bbox 959 1713 1106 1758; x_wconf 82' lang='lat' dir='ltr'><strong>audeo</strong></span> <span class='ocrx_word' id='word_1_156' title='bbox 1141 1713 1408 1774; x_wconf 80' lang='lat' dir='ltr'><strong>dijudicare.</strong></span> 
     </span>
    </p>

    <p class='ocr_par' dir='ltr' id='par_1_3' title="bbox 337 1779 1618 2044">
     <span class='ocr_line' id='line_1_25' title="bbox 337 1779 1616 1842; baseline 0.001 -19"><span class='ocrx_word' id='word_1_157' title='bbox 337 1781 413 1836; x_wconf 82' lang='lat'><strong>(7)</strong></span> <span class='ocrx_word' id='word_1_158' title='bbox 447 1780 579 1837; x_wconf 80' lang='lat' dir='ltr'><strong>(Sine</strong></span> <span class='ocrx_word' id='word_1_159' title='bbox 608 1780 798 1842; x_wconf 71' lang='lat' dir='ltr'><strong>nomine</strong></span> <span class='ocrx_word' id='word_1_160' title='bbox 821 1796 958 1824; x_wconf 85' lang='lat' dir='ltr'><strong>manu</strong></span> <span class='ocrx_word' id='word_1_161' title='bbox 981 1780 1163 1825; x_wconf 85' lang='lat' dir='ltr'><strong>Linnaei</strong></span> <span class='ocrx_word' id='word_1_162' title='bbox 1187 1779 1443 1842; x_wconf 78' lang='lat' dir='ltr'><strong>adscript03</strong></span> <span class='ocrx_word' id='word_1_163' title='bbox 1473 1797 1616 1825; x_wconf 86' lang='lat' dir='ltr'><strong>manu</strong></span> 
     </span>
     <span class='ocr_line' id='line_1_26' title="bbox 406 1845 1616 1910; baseline 0.001 -20"><span class='ocrx_word' id='word_1_164' title='bbox 406 1855 561 1891; x_wconf 86' lang='lat' dir='ltr'><strong>autem</strong></span> <span class='ocrx_word' id='word_1_165' title='bbox 601 1845 876 1899; x_wconf 86' lang='lat' dir='ltr'><strong>inventoris,</strong></span> <span class='ocrx_word' id='word_1_166' title='bbox 914 1847 1124 1910; x_wconf 78' lang='lat' dir='ltr'><strong>quisquis</strong></span> <span class='ocrx_word' id='word_1_167' title='bbox 1164 1845 1265 1899; x_wconf 90' lang='lat' dir='ltr'><strong>fuit,</strong></span> <span class='ocrx_word' id='word_1_168' title='bbox 1305 1845 1400 1891; x_wconf 83' lang='lat' dir='ltr'><strong>haec</strong></span> <span class='ocrx_word' id='word_1_169' title='bbox 1430 1847 1616 1892; x_wconf 89' lang='lat' dir='ltr'><strong>inveni-</strong></span> 
     </span>
     <span class='ocr_line' id='line_1_27' title="bbox 405 1911 1618 1974; baseline 0.002 -18"><span class='ocrx_word' id='word_1_170' title='bbox 405 1915 542 1971; x_wconf 89' lang='lat' dir='ltr'><strong>mus:)</strong></span> <span class='ocrx_word' id='word_1_171' title='bbox 579 1913 657 1957; x_wconf 89' lang='grc' dir='ltr'><em>Ν.·ο</em></span> <span class='ocrx_word' id='word_1_172' title='bbox 691 1911 758 1956; x_wconf 73' lang='grc'><strong>40.</strong></span> <span class='ocrx_word' id='word_1_173' title='bbox 813 1912 1057 1957; x_wconf 74' lang='lat' dir='ltr'><strong>Hieracium</strong></span> <span class='ocrx_word' id='word_1_174' title='bbox 1083 1911 1404 1973; x_wconf 56' lang='lat' dir='ltr'><strong>avrqustisolium</strong></span> <span class='ocrx_word' id='word_1_175' title='bbox 1428 1911 1618 1974; x_wconf 76' lang='lat' dir='ltr'><strong>qlabrum</strong></span> 
     </span>
     <span class='ocr_line' id='line_1_28' title="bbox 401 1977 1551 2044; baseline 0 -21"><span class='ocrx_word' id='word_1_176' title='bbox 401 1995 474 2024; x_wconf 80' lang='lat' dir='ltr'><strong>seu</strong></span> <span class='ocrx_word' id='word_1_177' title='bbox 510 1977 701 2024; x_wconf 80' lang='lat' dir='ltr'><strong>Pilosella</strong></span> <span class='ocrx_word' id='word_1_178' title='bbox 738 1979 870 2040; x_wconf 69' lang='lat' dir='ltr'><strong>wzajor</strong></span> <span class='ocrx_word' id='word_1_179' title='bbox 904 1979 1061 2040; x_wconf 72' lang='lat' dir='ltr'><strong>qlabra.</strong></span> <span class='ocrx_word' id='word_1_180' title='bbox 1132 1980 1234 2044; x_wconf 64' lang='lat' dir='ltr'><strong>Mor.</strong></span> <span class='ocrx_word' id='word_1_181' title='bbox 1273 1979 1321 2022; x_wconf 92' lang='lat' dir='ltr'><strong>H.</strong></span> <span class='ocrx_word' id='word_1_182' title='bbox 1356 1978 1408 2024; x_wconf 87' lang='lat' dir='ltr'><strong>R.</strong></span> <span class='ocrx_word' id='word_1_183' title='bbox 1446 1978 1551 2024; x_wconf 80' lang='lat' dir='ltr'><strong>Bles.</strong></span> 
     </span>
    </p>

    <p class='ocr_par' dir='ltr' id='par_1_4' title="bbox 401 2044 1616 2439">
     <span class='ocr_line' id='line_1_29' title="bbox 468 2044 1616 2108; baseline -0.001 -17"><span class='ocrx_word' id='word_1_184' title='bbox 468 2044 539 2091; x_wconf 81' lang='lat' dir='ltr'><strong>Ad</strong></span> <span class='ocrx_word' id='word_1_185' title='bbox 597 2046 801 2108; x_wconf 82' lang='lat' dir='ltr'><strong>Stirpem</strong></span> <span class='ocrx_word' id='word_1_186' title='bbox 848 2045 900 2089; x_wconf 90' lang='lat' dir='ltr'><strong>H.</strong></span> <span class='ocrx_word' id='word_1_187' title='bbox 935 2044 1106 2106; x_wconf 76' lang='lat' dir='ltr'><strong>prsealci</strong></span> <span class='ocrx_word' id='word_1_188' title='bbox 1143 2045 1376 2108; x_wconf 84' lang='lat' dir='ltr'><strong>pertinere</strong></span> <span class='ocrx_word' id='word_1_189' title='bbox 1415 2044 1616 2100; x_wconf 83' lang='lat' dir='ltr'><strong>videtur,</strong></span> 
     </span>
     <span class='ocr_line' id='line_1_30' title="bbox 401 2109 1616 2174; baseline -0.001 -18"><span class='ocrx_word' id='word_1_190' title='bbox 401 2120 553 2174; x_wconf 85' lang='lat' dir='ltr'><strong>atque,</strong></span> <span class='ocrx_word' id='word_1_191' title='bbox 606 2111 735 2157; x_wconf 84' lang='lat' dir='ltr'><strong>caule</strong></span> <span class='ocrx_word' id='word_1_192' title='bbox 778 2109 988 2174; x_wconf 86' lang='lat' dir='ltr'><strong>glabrato</strong></span> <span class='ocrx_word' id='word_1_193' title='bbox 1032 2112 1224 2174; x_wconf 85' lang='lat' dir='ltr'><strong>insigne,</strong></span> <span class='ocrx_word' id='word_1_194' title='bbox 1263 2111 1380 2156; x_wconf 86' lang='lat' dir='ltr'><strong>forte</strong></span> <span class='ocrx_word' id='word_1_195' title='bbox 1416 2111 1466 2157; x_wconf 90' lang='lat' dir='ltr'><em>H.</em></span> <span class='ocrx_word' id='word_1_196' title='bbox 1503 2127 1616 2172; x_wconf 82' lang='lat' dir='ltr'><strong>proe-</strong></span> 
     </span>
     <span class='ocr_line' id='line_1_31' title="bbox 404 2176 1614 2241; baseline 0 -20"><span class='ocrx_word' id='word_1_197' title='bbox 404 2176 537 2222; x_wconf 77' lang='lat' dir='ltr'><strong>alcum</strong></span> <span class='ocrx_word' id='word_1_198' title='bbox 583 2187 664 2231; x_wconf 90' lang='lat' dir='ltr'><strong>est,</strong></span> <span class='ocrx_word' id='word_1_199' title='bbox 712 2177 847 2241; x_wconf 86' lang='lat' dir='ltr'><strong>quale</strong></span> <span class='ocrx_word' id='word_1_200' title='bbox 883 2178 1006 2241; x_wconf 87' lang='lat' dir='ltr'><strong>apud</strong></span> <span class='ocrx_word' id='word_1_201' title='bbox 1043 2177 1137 2224; x_wconf 89' lang='lat' dir='ltr'><strong>Cel.</strong></span> <span class='ocrx_word' id='word_1_202' title='bbox 1176 2178 1404 2223; x_wconf 76' lang='lat' dir='ltr'><strong>Friesium</strong></span> <span class='ocrx_word' id='word_1_203' title='bbox 1446 2176 1470 2222; x_wconf 95' lang='lat' dir='ltr'><strong>l.</strong></span> <span class='ocrx_word' id='word_1_204' title='bbox 1507 2194 1539 2222; x_wconf 88' lang='lat' dir='ltr'><strong>s.</strong></span> <span class='ocrx_word' id='word_1_205' title='bbox 1575 2194 1614 2222; x_wconf 90' lang='lat' dir='ltr'><strong>c.</strong></span> 
     </span>
     <span class='ocr_line' id='line_1_32' title="bbox 404 2243 1614 2307; baseline 0 -19"><span class='ocrx_word' id='word_1_206' title='bbox 404 2245 696 2307; x_wconf 81' lang='lat' dir='ltr'><strong>proponitur.</strong></span> <span class='ocrx_word' id='word_1_207' title='bbox 764 2244 882 2289; x_wconf 89' lang='lat' dir='ltr'><strong>Tam</strong></span> <span class='ocrx_word' id='word_1_208' title='bbox 919 2261 1217 2307; x_wconf 83' lang='lat' dir='ltr'><strong>synonynion</strong></span> <span class='ocrx_word' id='word_1_209' title='bbox 1249 2245 1444 2289; x_wconf 85' lang='lat' dir='ltr'><strong>citatum</strong></span> <span class='ocrx_word' id='word_1_210' title='bbox 1471 2243 1614 2289; x_wconf 90' lang='lat' dir='ltr'><strong>Mori-</strong></span> 
     </span>
     <span class='ocr_line' id='line_1_33' title="bbox 403 2309 1615 2374; baseline -0.001 -19"><span class='ocrx_word' id='word_1_211' title='bbox 403 2311 538 2363; x_wconf 81' lang='lat' dir='ltr'><strong>sonii,</strong></span> <span class='ocrx_word' id='word_1_212' title='bbox 590 2327 732 2374; x_wconf 86' lang='lat' dir='ltr'><strong>quam</strong></span> <span class='ocrx_word' id='word_1_213' title='bbox 788 2309 997 2373; x_wconf 79' lang='lat' dir='ltr'><strong>plantam</strong></span> <span class='ocrx_word' id='word_1_214' title='bbox 1039 2312 1185 2374; x_wconf 84' lang='lat' dir='ltr'><strong>ipsam</strong></span> <span class='ocrx_word' id='word_1_215' title='bbox 1224 2318 1500 2373; x_wconf 85' lang='lat' dir='ltr'><strong>praesentem</strong></span> <span class='ocrx_word' id='word_1_216' title='bbox 1541 2327 1615 2355; x_wconf 78' lang='lat' dir='ltr'><strong>nie</strong></span> 
     </span>
     <span class='ocr_line' id='line_1_34' title="bbox 409 2375 1316 2439; baseline -0.001 -18"><span class='ocrx_word' id='word_1_217' title='bbox 409 2375 529 2421; x_wconf 86' lang='lat' dir='ltr'><strong>haud</strong></span> <span class='ocrx_word' id='word_1_218' title='bbox 567 2375 686 2421; x_wconf 85' lang='lat' dir='ltr'><strong>bene</strong></span> <span class='ocrx_word' id='word_1_219' title='bbox 723 2392 853 2421; x_wconf 83' lang='lat' dir='ltr'><strong>nosse</strong></span> <span class='ocrx_word' id='word_1_220' title='bbox 889 2386 1048 2439; x_wconf 81' lang='lat' dir='ltr'><strong>aperte</strong></span> <span class='ocrx_word' id='word_1_221' title='bbox 1083 2377 1316 2422; x_wconf 80' lang='lat' dir='ltr'><strong>confiteor.</strong></span> 
     </span>
    </p>

    <p class='ocr_par' dir='ltr' id='par_1_5' title="bbox 337 2443 1118 2507">
     <span class='ocr_line' id='line_1_35' title="bbox 337 2443 1118 2507; baseline 0.004 -22"><span class='ocrx_word' id='word_1_222' title='bbox 337 2443 405 2507; x_wconf 89' lang='lat'><strong>(8)</strong></span> <span class='ocrx_word' id='word_1_223' title='bbox 439 2458 715 2504; x_wconf 80' lang='lat' dir='ltr'><strong>praemorsum</strong></span> <span class='ocrx_word' id='word_1_224' title='bbox 749 2444 778 2485; x_wconf 88' lang='grc'><em>8</em></span> <span class='ocrx_word' id='word_1_225' title='bbox 815 2443 891 2503; x_wconf 89' lang='lat' dir='ltr'><strong>(m.</strong></span> <span class='ocrx_word' id='word_1_226' title='bbox 933 2443 1118 2505; x_wconf 60' lang='lat' dir='ltr'><strong>propin).</strong></span> 
     </span>
    </p>

    <p class='ocr_par' dir='ltr' id='par_1_6' title="bbox 402 2508 1612 2638">
     <span class='ocr_line' id='line_1_36' title="bbox 469 2508 1612 2572; baseline 0 -18"><span class='ocrx_word' id='word_1_227' title='bbox 469 2509 678 2554; x_wconf 86' lang='lat' dir='ltr'><strong>Omnino</strong></span> <span class='ocrx_word' id='word_1_228' title='bbox 713 2516 780 2554; x_wconf 88' lang='lat' dir='ltr'><strong>est</strong></span> <span class='ocrx_word' id='word_1_229' title='bbox 817 2508 990 2569; x_wconf 76' lang='lat' dir='ltr'><strong>Incybus</strong></span> <span class='ocrx_word' id='word_1_230' title='bbox 1030 2523 1283 2572; x_wconf 81' lang='lat' dir='ltr'><strong>proemorsus</strong></span> <span class='ocrx_word' id='word_1_231' title='bbox 1318 2509 1402 2561; x_wconf 72' lang='lat' dir='ltr'><strong>Fr„</strong></span> <span class='ocrx_word' id='word_1_232' title='bbox 1447 2525 1477 2554; x_wconf 92' lang='lat' dir='ltr'><strong>s.</strong></span> <span class='ocrx_word' id='word_1_233' title='bbox 1514 2509 1612 2554; x_wconf 82' lang='lat' dir='ltr'><strong>Cre-</strong></span> 
     </span>
     <span class='ocr_line' id='line_1_37' title="bbox 402 2573 884 2638; baseline -0.006 -17"><span class='ocrx_word' id='word_1_234' title='bbox 402 2577 469 2638; x_wconf 82' lang='lat' dir='ltr'><strong>pis</strong></span> <span class='ocrx_word' id='word_1_235' title='bbox 504 2592 733 2637; x_wconf 70' lang='lat' dir='ltr'><strong>prce-morsa</strong></span> <span class='ocrx_word' id='word_1_236' title='bbox 767 2573 884 2620; x_wconf 78' lang='lat' dir='ltr'><strong>Aucc.</strong></span> 
     </span>
    </p>
   </div>
  </div>
 </body>
</html>
