1742 3016
385 133 474 180 142

377 244 446 308 (4)
480 244 650 290 odorata
683 246 712 288 8
745 244 824 307 (m.
854 261 1024 308 p1·0pr.‚
1052 245 1259 307 atquein
1279 244 1460 292 diversa
1480 246 1653 293 chartae

449 321 590 374 parte,
630 328 768 357 manu
806 310 954 357 aliena
995 310 1080 357 hoc
1119 310 1244 356 Violoe
1278 311 1483 359 mirabilis
1509 330 1652 376 syno-

443 378 665 441 nymum)
708 377 821 424 Ve'ola
852 377 1026 442 floribus
1060 377 1312 424 radicalibus
1346 379 1652 432 ahot-uentibus,

441 444 621 491 caulinis
661 444 848 507 apetalis,
885 444 1133 506 semnizseris
1172 445 1291 490 Lina.
1326 445 1361 490 h.
1404 445 1514 509 Cliff.
1547 443 1653 492 427.

445 511 545 573 Roy.
584 528 649 573 pr.
685 510 780 558 4521.

506 577 779 624 Rhizomate
823 595 985 630 crasso,
1031 577 1291 623 stolonibus
1334 577 1494 634 nullis,
1532 577 1654 624 foliis

443 643 719 708 petiolisque
757 644 893 690 hirtis
929 662 950 689 a
989 644 1032 689 V.
1059 644 1225 689 odorata
1258 644 1452 702 recedit3
1493 653 1652 691 utrum

445 728 551 757 vero
595 712 749 775 potius
788 711 830 756 V.
866 710 992 761 hirta,
1027 727 1083 755 an
1122 709 1267 756 collina
1305 712 1379 766 sit,
1417 712 1465 757 in
1504 713 1652 775 speci-

443 779 569 824 mine
605 778 742 823 hocce
778 778 1005 823 exsiccato
1041 776 1304 823 discernere
1341 795 1532 841 nequeo.

374 843 444 909 (5)
479 845 628 890 canina
666 845 694 888 9
736 845 815 906 (m.
856 860 1009 907 propr.
1046 860 1174 906 aeque
1210 861 1260 889 ac
1298 845 1344 888 in
1384 845 1546 908 pagina
1583 843 1653 889 al-

442 911 578 975 te1·a:)
613 910 730 955 Viola
763 910 953 955 caulibus
979 909 1177 973 floriferis
1208 910 1562 968 adscendentibus,
1585 911 1651 972 so-

437 976 506 1022 liis
541 976 732 1022 cordacis.
786 977 863 1021 HC
896 976 1046 1039 (Hort.
1083 975 1224 1038 Cliff.)
1261 973 1391 1021 Gmel.

503 1044 625 1088 Duas
660 1043 872 1088 continet
907 1043 1046 1086 series
1082 1043 1411 1104 speciminum,
1447 1044 1573 1089 inter
1605 1060 1652 1089 se

439 1109 707 1164 distinctas3
744 1108 900 1153 omnia
939 1108 1110 1171 prioris
1145 1109 1375 1171 optimam
1404 1110 1578 1155 sistunt
1610 1110 1652 1154 V.

435 1177 630 1221 caninam
666 1183 752 1220 tam
790 1175 924 1224 Lina„
962 1191 1089 1236 quam
1126 1175 1243 1220 Λυσι.
1271 1184 1417 1220 rece-nt.
1487 1176 1651 1223 Cetera

437 1254 590 1287 antem
631 1242 900 1305 specimina,
940 1240 1060 1286 infra
1099 1240 1196 1286 haec
1231 1240 1378 1293 affixa,
1413 1253 1524 1288 sunt
1561 1244 1652 1288 mi-

440 1310 564 1354 nima
603 1309 704 1371 (vix
741 1306 1025 1372 hiuncialia),
1054 1308 1304 1371 caespitosa,
1337 1307 1650 1371 pubescentia,

438 1374 561 1421 foliis
619 1373 948 1428 crassiusculis,
1010 1373 1422 1436 glaucescentibus,
1487 1384 1651 1421 rotun-

436 1441 789 1496 dato-cordatis,
828 1440 1113 1504 floribusque
1151 1442 1362 1497 minutis,
1390 1441 1450 1487 ob
1476 1458 1579 1506 quae
1605 1442 1649 1488 V.

436 1510 644 1554 arenariae
698 1509 814 1553 Λυσι.
861 1508 1059 1553 formam
1097 1508 1258 1553 sistere
1295 1508 1388 1554 fere
1426 1509 1649 1572 typicam,

436 1575 623 1638 qualem
683 1592 718 1618 v.
763 1592 799 1619 c.
843 1575 963 1620 circa
1008 1573 1248 1637 Upsaliam
1287 1591 1405 1638 saepe
1440 1574 1648 1637 legerim,

435 1644 657 1705 cujusque
708 1658 816 1685 cuni
869 1639 1207 1703 speciminibus
1250 1642 1441 1686 suecicis
1493 1640 1648 1687 allatis

435 1709 614 1771 optime
666 1707 964 1758 conveniant,
1014 1705 1133 1750 mihi
1178 1706 1372 1768 quidem
1413 1706 1648 1752 videntur.

435 1773 529 1824 Cel,
583 1781 738 1819 autem
793 1772 1053 1822 Watsouio.
1107 1774 1187 1834 qui
1243 1772 1338 1817 haec
1389 1774 1646 1836 specimina

436 1839 598 1886 eodem
656 1848 864 1903 tempore
917 1839 1137 1901 inspexit,
1183 1839 1344 1884 eadem
1383 1841 1538 1902 potius
1578 1841 1647 1885 vi—

434 1907 610 1952 dentur
663 1922 757 1952 esse
800 1904 946 1950 forma
996 1921 1162 1958 macra,
1198 1904 1295 1950 solo
1329 1906 1486 1969 aprico
1525 1915 1645 1962 nata,

438 1973 482 2019 V.
517 1972 734 2034 sylvaticae
774 1972 843 2016 F'r.
876 2000 932 2007 —
963 1971 1197 2034 Equidem
1230 1980 1388 2017 tamen
1418 1973 1542 2018 inter
1571 1973 1646 2018 in-

437 2056 631 2086 numera
668 2038 805 2101 hujus
839 2038 1008 2101 speciei
1044 2036 1292 2084 individua
1332 2037 1474 2084 talem
1504 2055 1645 2085 uum-

435 2123 576 2170 quam
619 2106 715 2151 vidi
755 2104 967 2150 formam.

366 2172 437 2237 (6)
472 2181 669 2218 montana
705 2172 754 2216 40
788 2172 951 2234 (manu
987 2169 1179 2234 pr'opl..)

497 2239 726 2299 Quamvis
762 2237 874 2292 loco,
912 2238 961 2282 in
1001 2235 1064 2282 Fl.
1103 2237 1230 2282 Suec.
1255 2235 1475 2291 indicato,
1505 2251 1643 2300 repu-

432 2315 556 2368 gnat,
609 2314 748 2368 atque
798 2304 1126 2350 auctonitatem
1174 2302 1641 2349 Botanicor.1·.ecent

431 2371 652 2435 equidem
688 2387 780 2416 uon
818 2386 1004 2433 possum
1043 2385 1136 2414 non
1166 2369 1309 2433 sequi,
1339 2368 1421 2431 qui
1453 2367 1498 2415 V.
1523 2384 1641 2414 mon-

431 2446 576 2484 tanam
621 2437 908 2482 Linn.inte1
944 2435 1115 2482 formas
1151 2435 1195 2481 V.
1229 2435 1391 2480 canina
1425 2450 1639 2498 quaeren-

430 2504 542 2552 dam
576 2519 672 2549 esse
707 2502 1008 2556 edocuerunt,
1045 2517 1246 2564 praeseus
1282 2510 1439 2548 tamen
1476 2500 1637 2566 planta

427 2568 708 2617 nullomodo
742 2568 798 2614 ad
838 2569 881 2614 V.
917 2569 1079 2614 caninoe
1116 2567 1330 2624 formam,
1367 2583 1470 2631 quae
1499 2566 1637 2629 vulgo
