1742 3016
1270 145 1360 192 135

204 256 337 311 latus,
386 256 461 303 ubi
512 274 638 302 nunc
679 257 821 302 etium
863 257 1091 319 temporis
1132 258 1253 319 viget
1294 274 1431 303 verus

199 323 241 370 S.
278 324 523 387 erucifolius
560 324 677 368 Aucc.

270 416 520 460 Linuaeum
579 422 736 458 tamen
795 412 1024 475 posterius
1073 428 1236 459 verum
1285 414 1428 459 etiam

201 481 463 544 erucisolium
503 480 674 525 vidisse
709 488 849 542 atque
881 479 1063 523 nomini
1095 489 1140 524 et
1158 480 1430 526 definitioni

206 565 326 611 vagae
366 549 604 612 primariae
640 545 952 611 subjunxisse,
983 562 1039 591 ex
1073 547 1430 610 speciminibus,

200 614 424 661 omnibus
476 613 681 659 sibiricis
739 612 810 658 vel
859 613 1055 668 russinis,
1102 631 1206 677 quae
1241 617 1291 660 in
1331 613 1431 678 pla-

199 682 320 744 gulis
347 680 530 728 duabus
564 695 664 744 post
692 689 973 744 praeseutem
997 683 1214 743 proxime
1233 698 1432 745 sequen—

200 749 328 795 tibus
379 758 694 801 asservantur,
745 748 1002 812 posteriora
1042 757 1291 804 testantur,
1329 765 1434 812 quae

200 817 399 862 omnino
442 816 499 861 ad
545 814 728 879 erucifol.
777 815 894 861 Auct.
940 816 1197 878 pertinent,
1235 814 1433 879 quibus-

199 901 290 948 que
343 885 568 929 Linnaeus
624 901 715 929 non
775 883 822 928 id
878 882 1074 946 quidem
1123 900 1313 937 nornen,
1351 883 1433 929 sed

204 968 508 1015 synonymon
550 951 690 997 hocce
727 959 772 995 et
812 950 964 995 locum
1005 950 1277 1014 adscripsit:
1314 950 1435 996 Jaco-

201 1019 286 1064 baea
331 1020 467 1080 rmajor
506 1017 624 1078 soliis
670 1018 874 1063 viridibus
916 1019 1146 1080 majoribus
1180 1018 1336 1080 riqiclis
1370 1017 1433 1063 la-

202 1087 371 1131 ciniatis
419 1084 536 1131 Gerb.
591 1095 779 1131 tanuen-s.
836 1084 930 1129 485.
967 1114 1027 1120 —
1067 1086 1238 1132 Habitat
1283 1088 1329 1131 in
1365 1085 1435 1131 de-

202 1154 325 1198 sertis
361 1155 566 1206 Tawrow,
607 1152 814 1215 Belayrod
847 1151 1062 1198 Ulcram'ae.

73 1275 182 1321 999.
221 1276 376 1322 Ixum.

139 1378 215 1434 (3)
250 1377 485 1422 britannica
513 1376 540 1420 4
568 1379 646 1440 (m.
677 1392 831 1440 propr.
851 1393 980 1439 aeque
1001 1394 1052 1421 ac
1072 1375 1243 1438 locus:)
1263 1375 1434 1422 Scania.

274 1446 366 1490 Vix
398 1443 616 1499 dubium,
646 1461 793 1507 quum
828 1442 953 1489 locus
983 1445 1206 1499 suecicus‚
1238 1443 1284 1489 id
1306 1445 1433 1507 quod

207 1511 255 1556 in
297 1511 425 1557 herl).
467 1512 616 1557 rarius
654 1513 719 1565 tit,
760 1511 862 1556 heic
890 1511 1027 1566 adsit,
1057 1512 1173 1574 quin
1195 1512 1435 1575 specimen

206 1578 345 1624 hocce
382 1580 443 1624 sit
481 1577 582 1624 loco
618 1580 719 1642 ipso
754 1580 1138 1641 (Gunnarstorp)
1167 1579 1344 1624 Scaniae
1373 1578 1437 1624 le-

204 1654 350 1698 ctum,
397 1662 490 1710 quo
535 1645 632 1691 solo
679 1647 902 1691 Linnaeus
939 1646 986 1690 in
1027 1644 1094 1690 Fl.
1132 1646 1261 1691 Suec.
1298 1645 1367 1691 ed.
1407 1645 1437 1690 2

204 1728 251 1758 se
282 1713 436 1776 ipsum
469 1713 528 1758 ln.
554 1714 836 1759 britannicam
859 1713 1030 1757 vidisse
1050 1712 1244 1758 indicat.
1299 1713 1436 1759 Idem

212 1797 320 1826 vero
356 1782 487 1826 omni
525 1797 580 1825 ex
620 1791 754 1844 parte
791 1779 1044 1826 manifesto
1079 1789 1148 1825 est
1184 1780 1247 1825 In.
1275 1781 1437 1826 britan-

209 1848 303 1893 nica
356 1848 475 1894 Auct.
531 1857 696 1898 recena,
741 1850 871 1911 cujus
909 1847 957 1892 in
996 1848 1251 1910 specimen,
1290 1866 1436 1912 prope

206 1913 410 1977 Nosaby,
465 1915 641 1961 Scaniae
693 1932 892 1979 quoque,
942 1915 1117 1959 lectum
1163 1925 1210 1960 et
1246 1932 1437 1979 compa—

212 1981 345 2025 randi
400 1999 554 2027 caussa
609 1981 823 2035 allatum,
871 1980 927 2026 ad
979 1998 1183 2044 unguem
1220 1982 1436 2045 quadra-t.

276 2070 377 2127 Qua
409 2088 456 2116 re
486 2071 628 2131 igitur
657 2070 800 2116 dubia
834 2070 917 2115 hac
945 2069 1004 2116 de
1025 2069 1202 2134 planta,
1231 2087 1437 2134 quorum

212 2135 313 2181 fons
367 2138 453 2182 fuit
497 2136 562 2183 Fl.
600 2139 740 2192 Suec.,
778 2154 834 2183 ex
875 2146 1004 2200 parte
1041 2136 1301 2195 tolluntur3
1338 2140 1438 2203 pri-

211 2220 342 2248 mum
402 2221 572 2268 nempe
625 2204 836 2259 illorum,
888 2205 983 2268 qui,
1039 2203 1125 2250 hac
1167 2205 1320 2269 specie
1368 2205 1437 2252 ibi

207 2279 364 2334 postea
411 2288 502 2317 non
554 2281 750 2336 reperta,
789 2272 944 2317 locuni
983 2281 1029 2317 et
1066 2272 1301 2318 indicium
1343 2273 1438 2320 fere

212 2339 369 2402 ipsum
407 2339 721 2385 Linnaeanum
762 2339 985 2403 suspicati
1012 2348 1138 2394 sunt,
1169 2348 1270 2385 tum
1291 2342 1436 2387 etiam

210 2422 388 2461 eorum,
442 2407 524 2470 qui
578 2407 781 2470 speciem
835 2405 968 2452 Inulae
1020 2423 1074 2453 ex
1132 2406 1233 2453 loco
1274 2408 1325 2454 in
1363 2408 1433 2455 Fl.

211 2473 338 2518 Suec.
380 2483 642 2520 memorato
680 2475 818 2520 fuisse
853 2475 1157 2536 dysentericam
1192 2483 1437 2539 putarunt,

212 2555 316 2602 quae
367 2542 633 2605 antiquitus
678 2543 725 2588 in
775 2550 905 2606 parte
941 2542 1118 2590 Scaniae
1152 2542 1435 2589 occidentali

215 2603 331 2652 lecta
369 2608 588 2654 traditur.
