1742 3016
1393 160 1453 207 41

344 272 653 320 Antecedenti
693 270 752 316 de
788 278 944 316 cetero
980 269 1250 327 simillima3
1303 271 1378 319 hic
1419 289 1526 319 vero

279 339 386 386 folia
444 338 605 384 latiora
658 336 900 390 accedunt,
957 337 1018 383 ita
1075 348 1125 383 ut
1169 339 1366 386 omniuo
1412 357 1521 386 cum

277 408 391 453 Fest.
429 407 635 469 qiqantea
670 403 932 450 conveniat.

141 506 219 553 95.
276 509 460 552 AVENA.

208 594 280 660 (3)
333 594 459 657 fatua
511 593 540 637 6
585 593 663 657 (m.
704 609 884 657 proptu,
929 599 1066 655 atque
1103 608 1253 655 prope
1288 594 1526 658 specinm)

273 660 339 706 Fl.
376 677 484 706 suec.
1278 679 1287 682 -

341 735 579 784 Omnibus
615 735 970 782 characteribus
1009 735 1216 800 facieque
1258 736 1417 782 eadem
1457 747 1526 784 est

277 804 440 858 forma,
475 821 616 868 quam
658 805 812 849 Auctt.
852 811 1022 849 recent.
1060 802 1108 848 A.
1149 802 1324 865 fatuam
1365 821 1524 851 veram

275 872 543 926 nominant,
579 870 751 935 glumis
787 869 947 916 coroll.
986 868 1202 935 hispidis,
1249 887 1333 916 nec
1368 870 1417 917 A.
1455 873 1523 918 in-

270 937 490 985 termedia.

136 1038 215 1085 97.
269 1039 304 1084 A
315 1053 472 1085 nmmo.

202 1126 271 1192 (2)
323 1127 508 1190 epiqejos
561 1125 726 1189 (manu
771 1124 992 1181 Smithii3
1038 1143 1061 1171 a
1100 1126 1299 1171 Linnaeo
1336 1134 1520 1173 tantum

273 1192 544 1255 numerusz)
586 1192 629 1248 ά,
666 1193 767 1256 (qui
810 1194 1008 1238 eandem
1057 1192 1268 1255 speciem
1308 1194 1524 1258 respicit3

275 1270 498 1324 praeterea
537 1258 631 1306 Sm.
667 1258 898 1322 addidit:)
933 1257 1006 1304 Gr.
1034 1260 1174 1321 partic.
1192 1257 1387 1320 palustre
1405 1277 1524 1322 proe-

270 1326 420 1376 alcum,
475 1327 597 1372 Pont.
654 1325 880 1388 Compend.
935 1326 1033 1371 Tab.
1086 1324 1147 1369 56
1189 1353 1243 1361 -
1284 1342 1341 1371 εω
1400 1328 1523 1373 Herb.

269 1392 472 1440 Slzerarcl.
511 1393 587 1454 (In
627 1393 793 1456 pagina
832 1393 1007 1456 postica
1039 1393 1266 1438 Linnaeus
1302 1394 1523 1460 scripsit:)

270 1459 450 1507 Arundo
485 1468 688 1504 montana
727 1459 790 1504 Fl.
831 1475 940 1506 suec.

335 1536 410 1582 Ad
450 1535 613 1581 faciem
651 1553 911 1600 omnesque
948 1537 1240 1582 characteres
1268 1536 1428 1582 eadem
1451 1548 1523 1585 est

271 1619 326 1647 ac
362 1601 699 1664 Calamaqrostis
734 1605 940 1666 Epiqejos
984 1603 1057 1648 Hn
1095 1602 1159 1648 Fl.
1195 1603 1353 1650 Scand.

202 1689 274 1754 (3)
309 1691 495 1753 epiqejos
529 1690 558 1733 4
594 1691 676 1754 (m.
715 1708 899 1755 propr,;
937 1690 1019 1737 sed
1048 1708 1071 1737 a
1103 1692 1198 1738 Sm.
1235 1690 1523 1754 additum:)?

338 1765 507 1813 Nescio
544 1785 636 1832 quo
672 1784 781 1814 casu
824 1767 894 1814 vel
933 1779 1088 1833 errato
1125 1768 1238 1815 huic
1272 1770 1520 1833 specimini

271 1850 444 1879 nomen
482 1834 680 1881 citatum
719 1836 782 1881 sit
819 1836 1109 1899 impositum,
1147 1853 1295 1900 quum
1326 1838 1521 1901 spiculae

273 1899 532 1956 4-5-florae,
593 1902 765 1964 glumae
819 1903 1045 1967 calycinae
1100 1902 1357 1966 inaequales
1408 1904 1518 1967 (una

269 1965 417 2012 alten-31
471 1968 620 2032 duplo
665 1968 879 2033 longior),
930 1969 1170 2033 ceterique
1224 1969 1520 2018 characteres

273 2050 436 2078 omnes
473 2043 519 2080 et
555 2035 691 2081 facies
728 2037 922 2082 omnino
960 2036 1055 2081 sint
1093 2035 1335 2082 Arundinis
1371 2038 1518 2085 Phra-

267 2100 472 2162 qmitz'dis.

201 2186 271 2251 (4)
309 2188 355 2234 A.
393 2191 580 2252 epiqejos
617 2189 781 2253 (manu
817 2190 1023 2246 Smithii,
1061 2194 1194 2254 cujus
1227 2192 1367 2237 etiam
1405 2203 1519 2240 sunt

271 2255 414 2318 haec:)
450 2255 526 2301 Gr.
565 2257 769 2302 arundin.
805 2258 1009 2320 panicula
1036 2257 1157 2304 molli
1189 2259 1389 2322 spadicea
1425 2278 1517 2306 ma-

269 2323 342 2383 jus
379 2324 421 2369 C.
458 2325 509 2369 B.
547 2323 777 2369 Sclzeuchz.
813 2341 883 2386 pr.
920 2326 989 2371 24.
1029 2334 1058 2370 t.
1096 2326 1138 2372 5.
1175 2343 1231 2371 em
1266 2330 1516 2375 auctoritate

270 2388 483 2436 Sberardi
535 2390 638 2442 Mss,
684 2408 757 2437 nec
804 2391 1088 2438 Scheuchzeri
1123 2393 1180 2457 (A
1221 2410 1362 2439 manu
1402 2394 1516 2440 Lin-

270 2456 356 2501 naei
383 2465 566 2502 tantum
589 2457 638 2504 iu
663 2459 826 2522 pagina
848 2460 1024 2522 postica
1039 2461 1068 2524 z)
1096 2459 1278 2506 Arundo
1302 2470 1516 2508 montana.

339 2523 552 2569 Omnino
605 2533 674 2570 est
719 2524 961 2589 Calamaqr.
1010 2527 1211 2590 Epiqejos
1256 2526 1394 2573 Auctt.

207 2609 277 2674 (5)
311 2610 635 2675 calamaqrostis
669 2613 699 2658 5
735 2614 899 2677 (manu
936 2616 1114 2680 propr.)
