1742 3016
384 150 478 197 126

442 262 571 312 duni,
613 259 795 321 vestigia
835 261 928 322 ejus
966 259 1167 303 maxima
1196 274 1251 303 ex
1283 265 1405 320 parte
1435 274 1663 321 premens,

445 325 727 371 Froelichins
777 327 807 388 (i
825 344 854 372 n
899 324 1023 371 Ust.
1068 323 1267 370 Annal.
1309 322 1409 368 der
1448 324 1660 388 Botan.)

443 393 589 438 eidem
637 392 792 438 sormae
837 392 1026 437 exoticae
1071 408 1238 436 nomen
1278 390 1505 437 adtribuit
1543 389 1658 436 illud

409 479 414 490 ‘
446 461 643 505 maxime
680 460 990 523 improprium
1026 457 1248 520 lapponici.

510 526 550 572 E
584 527 766 590 scriptis
804 535 954 571 tamen
989 541 1171 588 qnoque
1199 524 1379 569 Linnaei
1412 521 1662 574 nonnullis,

448 610 488 637 v.
541 609 577 638 c.
628 592 752 655 Spec.
807 592 874 637 Pl.
926 601 970 636 et
1022 591 1286 636 definitione
1330 592 1376 635 in
1418 590 1484 636 Fl.
1523 590 1661 643 Suec„

443 660 600 722 opinio
644 658 901 704 Sinithiana
940 676 989 702 eo
1029 658 1211 703 videtur
1248 656 1457 702 nonnihil
1497 656 1663 701 confir-

445 725 572 775 mari,
606 725 744 789 quod,
783 743 927 789 quum
965 734 1125 770 ceterae
1163 733 1280 769 notae
1317 723 1530 786 piurimae
1567 731 1659 768 tam

449 808 568 854 vagae
611 793 718 847 sint,
765 801 816 836 ut
852 791 1011 836 eodem
1052 791 1141 835 fere
1178 793 1273 856 jure
1308 799 1351 835 et
1388 791 1433 835 in
1470 789 1662 851 alpinum

445 875 603 905 verum
653 867 699 903 et
752 858 796 902 in
851 857 1045 902 formam
1092 867 1366 921 praesentem
1411 855 1660 920 quadrent,

446 925 677 971 character
712 923 789 968 iile
825 922 1169 987 »pedunculo
1185 940 1325 968 rum»
1363 923 1408 968 in
1442 921 1486 968 S.
1521 921 1663 984 alpino

443 1007 915 1055 »squaniosorunw
969 1005 1119 1033 revera
1177 990 1388 1049 praesenti
1442 990 1502 1033 sit
1555 1006 1661 1052 pro—

445 1058 585 1121 prius,
630 1055 938 1100 differentiam
985 1054 1190 1117 praebens
1234 1056 1458 1118 optimam
1495 1071 1519 1100 a
1561 1070 1664 1100 vero

442 1123 485 1170 S.
541 1122 685 1185 alpino
737 1121 866 1175 Amet„
915 1123 1057 1185 cujuS,
1103 1131 1150 1165 ut
1187 1130 1375 1174 constat,
1411 1119 1659 1184 pedunculi

443 1199 551 1235 sunt
596 1189 780 1252 hispidi,
827 1205 909 1233 nec
954 1188 1194 1251 squamosi.
1266 1188 1502 1251 Specimen
1544 1203 1660 1251 proe-

443 1273 559 1308 senS‚
612 1254 734 1319 quod
781 1253 901 1318 apud
942 1254 1192 1300 Smithium
1232 1263 1356 1299 tanta
1394 1254 1662 1300 auctoritate

447 1323 602 1374 valuit,
644 1323 698 1367 ad
746 1322 939 1386 speciem
981 1322 1183 1384 pertinet
1222 1320 1334 1365 mihi
1373 1321 1498 1383 prius
1535 1320 1662 1379 igno-

445 1400 552 1442 tam,
587 1406 723 1452 quam
764 1398 929 1440 tamen,
966 1404 1109 1451 quum
1147 1386 1204 1432 ob
1234 1387 1533 1439 characteres,
1561 1395 1658 1432 tum

440 1457 709 1502 auctoritate
760 1454 980 1499 Steudelii
1035 1454 1213 1507 ductus,
1271 1454 1346 1499 vix
1397 1451 1562 1499 dubito
1615 1451 1659 1499 S.

443 1522 666 1586 (Mulqed.)
709 1521 967 1586 floridanum
1013 1529 1185 1583 putare,
1222 1521 1443 1566 Americae
1478 1528 1661 1584 septen-

445 1588 648 1634 trionalis
677 1588 887 1634 incolam.
942 1587 1070 1632 Ideni
1091 1603 1183 1632 esse
1203 1603 1306 1632 casu
1328 1586 1496 1650 aliquo,
1514 1603 1658 1650 quum

444 1656 492 1700 in
546 1653 672 1699 herb.
729 1655 863 1698 ambo
917 1654 1237 1704 insererentur,
1289 1669 1393 1697 cum
1446 1654 1660 1714 sequente

444 1721 691 1784 specimine
737 1727 1063 1783 pernmtatum‚
1108 1719 1503 1781 persuasissimum
1543 1717 1657 1763 mihi

445 1786 609 1840 habe03
644 1787 796 1831 omnia
835 1787 976 1837 enim,
1012 1800 1116 1847 quae
1154 1785 1213 1840 in(
1236 1793 1455 1848 sequente
1491 1793 1600 1829 sunt
1635 1802 1658 1828 a

446 1855 637 1898 Linnaeo
688 1851 930 1915 adscripta,
982 1851 1157 1914 optime
1214 1851 1259 1895 in
1308 1866 1510 1913 praesens
1545 1866 1658 1914 qua-

443 1920 597 1970 drant,
648 1929 692 1964 et
744 1927 913 1969 contra,
963 1934 1065 1981 quae
1118 1918 1166 1961 in
1212 1927 1435 1979 praesente
1475 1917 1659 1979 specim.

444 1996 553 2032 sunt
588 1985 831 2049 adscripta,
872 1987 917 2029 in
953 1999 1146 2046 sequens
1179 1982 1418 2045 quadrant.
1470 1982 1586 2040 Quae
1613 1982 1660 2028 in

447 2055 572 2116 Spec.
609 2052 677 2098 Pl.
718 2055 762 2096 in
800 2051 868 2096 his
906 2048 1214 2095 describendis
1252 2049 1420 2112 plantis
1455 2058 1560 2094 sunt
1588 2066 1660 2095 er-

447 2131 560 2171 rata,
609 2136 773 2182 nempe
808 2116 851 2163 S.
889 2116 1029 2178 alpino
1067 2115 1347 2179 pedunculos
1382 2132 1658 2180 squamosos,

444 2186 672 2232 canadensi
705 2194 856 2230 autem
896 2182 1097 2246 hispidos
1123 2182 1342 2234 adtribui,
1369 2199 1423 2228 ex
1453 2181 1523 2227 his
1549 2182 1659 2245 ipsis

446 2251 772 2315 speciminibus
824 2251 869 2296 in
925 2249 1134 2295 herbario
1186 2249 1456 2311 permutatis
1504 2248 1658 2293 verisi-

448 2319 556 2363 mile
610 2319 826 2381 pendent‚
877 2332 979 2380 quae
1032 2318 1116 2378 jam
1164 2325 1268 2360 ante
1314 2314 1483 2359 librum
1522 2312 1655 2360 illum

445 2384 622 2430 editum
661 2385 706 2428 in
746 2381 956 2428 herbario
990 2381 1188 2426 adfuisse
1229 2379 1450 2426 videntur.

379 2450 450 2516 (8)
483 2450 731 2496 canadensis
766 2449 787 2492 1
822 2449 976 2510 (manu
1014 2462 1177 2511 propr.‚
1213 2455 1348 2510 atque
1383 2463 1520 2512 prope
1556 2463 1658 2511 spe-

445 2516 638 2580 cimen:)
676 2516 719 2561 K
750 2514 809 2576 (K
826 2513 969 2567 alm..
1005 2515 1131 2578 cujus
1166 2511 1337 2576 plantae
1368 2512 1459 2560 sere
1485 2528 1656 2566 omnes,

449 2583 496 2629 in
543 2581 663 2629 herb.
709 2589 959 2633 asservatae,
996 2580 1042 2626 in
1078 2577 1259 2624 Canada
1295 2587 1401 2625 sunt
1435 2577 1657 2635 collectae;
