1742 3016
1348 118 1433 164 161

262 238 460 280 carente,
511 227 668 272 eadem
723 230 766 273 C.
821 228 963 290 capill.
1015 238 1085 274 est
1130 245 1182 274 ac
1225 226 1505 273 antecedens

266 295 416 358 (num.
454 293 554 357 43).

198 381 298 446 (49)
334 383 552 444 ccespitosa
589 379 652 428 27
691 381 772 443 (m.
814 383 1004 445 propin).

330 459 592 522 Specimina
649 457 750 503 heic
801 469 1029 503 asservata
1087 458 1342 505 admodum
1395 468 1507 504 sunt

265 543 440 576 manca,
478 525 597 569 soliis
625 533 845 587 parteque
872 526 1000 569 omni
1031 525 1239 571 inferiori
1260 525 1508 580 destituta;

262 601 488 654 quantum
537 607 592 635 ex
631 591 774 652 spicis
813 599 963 635 tamen
1005 591 1155 637 videri
1196 593 1316 643 licet,
1355 593 1507 655 potius

261 656 319 701 ad
373 658 417 703 C.
473 656 697 719 vulqarem
746 657 818 702 Fr.
868 658 1119 720 pertinent,
1155 675 1179 703 a
1217 675 1306 721 qua
1348 674 1503 704 veram

259 726 527 786 ccespilosam
582 724 718 775 Lirin„
777 740 798 768 a
860 723 1094 787 plerisque
1148 741 1255 769 cum
1305 723 1383 768 illa
1422 723 1505 769 diu

260 790 514 840 confusam,
556 789 688 834 valde
724 788 914 834 differre
945 789 1037 835 Cel.
1073 790 1339 836 Friesinsin
1365 790 1508 836 Mant.

260 855 333 901 111
389 865 483 901 tam
532 855 752 919 praeclare
787 856 984 902 edocuit.
1058 857 1326 902 Putandum
1363 856 1507 920 igitur

263 923 346 969 hoc
382 921 494 975 loco,
529 941 677 987 quum
718 922 832 968 nihi!
870 940 980 968 sane
1017 924 1073 968 ad
1108 933 1382 986 argumenta
1420 923 1507 968 hu-

263 993 330 1050 jus
377 989 630 1036 refellenda
670 989 824 1035 afferri
862 991 1020 1054 possit,
1059 991 1314 1054 specimina
1353 990 1508 1036 haecce

264 1057 394 1120 parvi
433 1073 528 1101 esse
569 1058 808 1109 momenti,
847 1066 1002 1120 utpote
1037 1074 1142 1120 quae
1179 1059 1376 1103 minime
1411 1056 1508 1103 fue-

268 1133 376 1168 runt
412 1141 476 1175 ea,
515 1141 571 1168 ex
609 1123 780 1186 quibus
817 1123 1069 1186 descriptio
1107 1125 1151 1169 C.
1188 1125 1419 1187 coespz'tosae
1445 1125 1509 1169 sit

263 1199 431 1243 sumta,
468 1190 545 1235 sed
585 1189 716 1253 longe
751 1189 943 1235 demum
977 1200 1075 1252 post
1103 1190 1279 1236 editam
1305 1191 1506 1254 primam

267 1257 450 1302 Floram
489 1258 616 1302 Snec.
654 1266 763 1301 sunt
800 1257 846 1302 in
886 1257 1009 1302 herb.
1043 1258 1228 1310 inserta,
1259 1267 1506 1322 postquam

267 1328 355 1385 jam
394 1324 536 1369 editio
575 1324 723 1387 prima
766 1323 871 1368 iibri
911 1324 1038 1386 Spec.
1078 1323 1146 1369 Pl.
1184 1325 1413 1388 apparuit,
1449 1323 1508 1370 ad

265 1408 404 1452 qnam
463 1407 688 1435 numerus
751 1390 926 1435 nomini
993 1390 1260 1455 adsciiptus
1315 1390 1509 1451 delegat.

261 1457 410 1502 Tanto
466 1458 605 1519 igitur
661 1458 887 1520 temporis
930 1458 1079 1520 spatio
1116 1456 1416 1521 praeterlapso
1450 1455 1508 1502 ab

265 1524 348 1569 hac
401 1524 553 1585 specie
607 1525 814 1586 primum
869 1523 1111 1598 descripta,
1159 1523 1285 1570 haud
1329 1524 1505 1569 minum

263 1590 363 1643 fuit,
399 1592 434 1634 si
477 1591 702 1635 Linnaeus
741 1592 837 1653 ipse
874 1591 1147 1652 specimina,
1175 1589 1364 1635 obiter
1353 1607 1510 1653 inspe-

261 1666 332 1701 cta
370 1656 496 1702 haud
533 1656 796 1711 dissimilia,
834 1655 925 1701 huc
962 1655 1184 1702 retuleiit.

193 1747 296 1810 (50)
333 1745 462 1810 (Sine
514 1745 702 1790 nomine
752 1745 1058 1809 antographm
1102 1763 1161 1791 m.
1200 1745 1384 1792 Linnaei
1422 1762 1509 1791 nu-

264 1829 419 1858 merus
459 1822 643 1858 tantum
682 1811 848 1874 adestz)
883 1814 946 1857 98
984 1813 1047 1876 (C.
1085 1822 1256 1858 acutam
1292 1812 1414 1874 Spec.
1444 1811 1508 1857 Pl.

261 1880 320 1924 ecl.
369 1881 388 1922 4
436 1888 673 1942 spectans;
717 1879 949 1924 smithius
985 1897 1129 1943 prope
1167 1878 1253 1924 alia
1293 1879 1510 1941 specimi-

265 1963 379 1990 num
435 1945 722 2009 adscripsitz)
767 1948 985 2007 ccespicosa
1031 1954 1150 1991 certe.
1201 1946 1252 1991 D.
1303 1944 1509 2007 Afzelius,

263 2012 426 2074 (prope
463 2012 632 2074 aliudz)
668 2027 890 2057 canescens
918 2009 969 2057 G.
1000 2012 1066 2074 (et
1094 2029 1238 2076 prope
1258 2029 1404 2057 unum
1426 2011 1510 2057 de-

262 2078 446 2141 niquez)
482 2093 663 2123 recurva
699 2075 737 2122 G

332 2156 419 2200 Sex
466 2155 721 2229 specimina
765 2155 951 2207 a‚dsunt
989 2173 1072 2202 nec
1107 2156 1262 2201 onmia
1302 2154 1508 2218 ejusdem

265 2230 376 2267 sunt
413 2222 594 2284 speciei,
631 2220 711 2266 sed
747 2239 851 2267 casu
893 2223 1040 2267 tonsan
1069 2223 1347 2276 commixta3
1373 2232 1508 2285 quat-

267 2298 371 2334 tuor
409 2287 535 2333 enim
578 2288 726 2349 prima
769 2288 906 2333 niodo
941 2289 1065 2333 inter
1102 2305 1147 2333 se
1175 2289 1347 2333 similia
1385 2297 1507 2339 sunt,

268 2372 413 2418 eaque
458 2355 651 2398 omnino
695 2353 754 2399 ad
801 2354 842 2400 C.
883 2354 1106 2416 vulqarem
1143 2355 1219 2399 Fr.
1257 2353 1509 2418 pertinent,

267 2438 407 2485 quam
463 2422 605 2465 etiam
658 2419 753 2465 Cel.
807 2420 1013 2466 Friesius
1066 2421 1093 2466 l.
1142 2437 1278 2484 supra
1323 2436 1360 2466 c.
1396 2419 1512 2464 bene

273 2487 455 2533 monuit
491 2486 635 2532 solam
672 2503 766 2532 esse
803 2486 1157 2550 intelligendam
1197 2485 1284 2531 sub
1312 2486 1356 2532 C.
1383 2495 1511 2531 acuta

271 2571 304 2598 οι
349 2554 474 2614 niqra
519 2553 592 2615 Sp.
640 2552 718 2606 Pb,
757 2570 851 2617 quo
888 2570 1113 2599 numerus
1150 2568 1290 2598 manu
1330 2551 1509 2597 Linnoei
