1742 3016
1303 150 1392 196 129

241 268 276 312 T
276 266 457 312 aramaci
513 265 675 310 Hartm.
723 263 786 309 Fl.
822 263 988 311 Scand..
1025 280 1099 309 seu
1135 260 1325 325 Oporina
1359 278 1459 325 pra-

239 335 368 380 tensis
404 334 511 379 Les-5.

175 434 244 500 (4)
280 433 488 480 dubium?
525 432 553 475 6
588 432 669 495 (m.
710 447 887 494 propr-,5
926 437 1028 493 post
1065 428 1191 493 quod
1230 428 1462 475 Smithius

241 500 472 563 a‹ldidit:)
507 515 605 560 may
642 497 685 543 be
720 497 846 560 riqht.

306 577 445 636 Quod
493 592 656 621 verum
704 574 846 621 fuerit
883 574 1068 620 Linnaei
1109 574 1159 619 H.
1198 573 1371 619 dubium
1406 591 1461 619 ex

241 645 328 691 hoc
363 643 622 708 specimine
658 659 710 687 eo
744 642 902 687 minus
928 640 1148 687 concludi
1179 639 1301 696 licet,
1336 640 1462 704 quod

236 713 324 776 ipsi
381 713 618 756 incertum
675 709 814 761 fuisse
872 709 1101 763 vid-eatur,
1144 717 1284 771 atque
1320 708 1461 753 etiam

240 779 338 824 haec
389 779 562 841 species
615 777 662 821 in
719 774 921 840 exempl.
965 775 1149 821 Linnaei
1188 773 1299 820 libri
1337 774 1465 838 SpeC.

239 845 308 892 ΡΙ.
351 845 423 891 ed.
465 847 481 889 1
528 853 634 890 nota
673 852 827 890 careat
864 842 1014 896 solita,
1050 859 1154 907 qua,
1191 851 1244 887 ut
1279 840 1465 906 plantas

238 914 288 959 in
328 911 454 958 herb.
491 923 747 957 asservatas
783 911 1063 973 designaret,
1104 926 1210 955 usus
1246 917 1327 955 est.
1374 909 1465 955 Ne-

238 998 328 1045 que
385 980 470 1026 hoc
523 989 591 1025 est
646 979 697 1025 H.
741 978 917 1024 dubium
964 978 1070 1028 Lim..
1106 976 1234 1041 quod
1270 977 1465 1040 optimis

241 1050 412 1093 ductus
468 1046 729 1092 rationibus
774 1045 858 1092 cel.
897 1045 1103 1091 Friesins
1145 1061 1240 1090 esse
1278 1045 1330 1089 H.
1370 1060 1464 1088 sue-

240 1117 373 1161 co'cum
412 1117 499 1177 jam
541 1113 743 1168 edocuit,
781 1113 861 1158 sed
901 1112 1048 1158 fornia
1088 1120 1156 1157 est
1195 1110 1379 1173 vulgata
1412 1111 1464 1155 H.

242 1183 457 1228 Auriculae
498 1182 538 1226 L.
575 1190 610 1226 et
648 1181 765 1226 Λυσι.
799 1188 962 1229 recent..
999 1198 1032 1225 c.
1072 1195 1108 1224 υ.
1143 1178 1218 1224 Fr.
1245 1178 1385 1241 Symb.
1410 1177 1467 1222 ad

243 1250 351 1295 J-Iist.
408 1250 585 1297 Hieme..
637 1250 767 1312 cujus
812 1264 959 1292 unum
1003 1255 1188 1292 tantum
1226 1247 1465 1310 specimen

241 1316 371 1362 alind
410 1321 472 1379 (V.
512 1333 639 1361 num.
677 1317 728 1377 6)
766 1317 814 1360 in
855 1313 1073 1360 herbario
1110 1312 1253 1359 adest.

174 1418 246 1483 (5)
284 1415 485 1463 Auricula
516 1413 543 1459 7
575 1415 655 1476 (m.
687 1432 866 1479 propr.;
898 1431 1123 1460 numerus
1157 1430 1264 1460 vero
1292 1413 1466 1460 deinde

242 1484 425 1531 deletus
447 1483 532 1529 hoc
551 1499 735 1547 quoqne
755 1483 990 1546 specimen
1019 1481 1175 1527 reddit
1194 1481 1466 1546 incertum.)

310 1564 398 1608 Per
451 1578 658 1607 errorem
706 1559 911 1624 aliquem
965 1561 1203 1623 specimen
1243 1558 1467 1605 hocloco

240 1629 386 1684 adest,
441 1628 565 1692 quod
630 1628 830 1673 minime
883 1627 940 1672 ad
989 1628 1039 1672 H.
1083 1626 1346 1677 Auriculam,
1384 1644 1467 1673 nec

237 1688 438 1760 'quidem
484 1695 543 1740 ad
588 1694 793 1758 Stirpem
841 1695 891 1739 H.
929 1692 1158 1750 Auriculoe,
1195 1693 1276 1739 sed
1316 1695 1466 1739 mani—

245 1763 360 1810 festo
395 1762 450 1808 ad
492 1763 634 1826 Stirp.
672 1763 723 1807 H.
755 1760 923 1823 proealti
953 1762 1172 1825 pertinet,
1202 1760 1390 1825 qualem
1417 1762 1464 1807 in

241 1830 381 1892 Symb.
435 1830 490 1876 acl
536 1830 641 1875 Hist.
682 1830 796 1874 Hier.
860 1828 956 1876 Cel.
994 1828 1199 1875 Friesius
1236 1828 1467 1874 distrihu-

244 1899 421 1944 tionem
478 1897 615 1963 hujus
669 1897 869 1943 Generis
912 1898 1175 1960 specierum
1222 1896 1269 1940 in
1313 1912 1469 1958 greges

245 1965 549 2028 comparavit.
620 1962 971 2010 Difficillimum
1001 1972 1173 2016 autem,
1205 1962 1325 2007 mihi
1362 1963 1468 2026 qui-

246 2031 371 2084 dem,
409 2039 490 2082 est,
526 2048 581 2076 ex
619 2031 877 2095 specimine
916 2031 1054 2076 hoece
1082 2030 1202 2075 sicco
1228 2046 1313 2093 pro
1341 2038 1468 2075 certo

246 2098 526 2151 discernere,
580 2098 637 2143 ad
693 2113 834 2161 quam
883 2097 1020 2161 hujus
1057 2097 1228 2160 Stirpis
1263 2097 1468 2161 speciem

246 2166 503 2230 pertineat3
540 2173 771 2229 quantum
814 2173 968 2210 tamen
1011 2164 1171 2210 videre
1207 2162 1356 2219 licuit,
1386 2181 1468 2228 po—

245 2233 484 2278 tissimum
531 2241 600 2278 est
648 2233 697 2277 H.
742 2230 883 2294 sallom
918 2248 995 2277 seu
1033 2230 1230 2277 collinum
1267 2231 1338 2276 Fr.
1375 2230 1399 2277 l.
1435 2250 1465 2277 c.

181 2343 253 2409 (6)
287 2360 500 2407 cymosum
545 2342 682 2388 J.E.S.
729 2345 892 2408 (mann
930 2342 1146 2400 Sinithii3
1184 2359 1246 2388 m.
1281 2343 1467 2389 Linnaei

247 2410 514 2473 numerust)
550 2406 578 2454 7
616 2410 774 2475 (atque
811 2411 860 2457 in
899 2411 1063 2475 pagina
1102 2410 1317 2475 posticat)
1355 2409 1467 2455 Pilo-

246 2477 347 2524 sella
383 2479 532 2531 minor,
566 2475 665 2540 solio
699 2479 941 2542 anqustiore
978 2479 1122 2523 minus
1147 2478 1279 2541 piloso
1306 2493 1466 2541 repens.

248 2544 286 2591 J.
329 2545 378 2590 Β.
415 2547 446 2591 9
478 2563 520 2608 p.
560 2544 679 2596 4040,
715 2544 882 2593 Gmelin
936 2574 987 2580 -
1032 2545 1201 2590 Habitat
1239 2545 1283 2589 in
1319 2545 1465 2590 Bossia

196 2614 201 2616 ’
249 2619 286 2656 et
320 2610 485 2659 suecia.
553 2611 758 2675 (Plagulu
797 2622 861 2659 est
904 2612 1046 2676 priori
1086 2611 1256 2674 assixa).
