1742 3016
337 188 399 234 96

401 292 627 339 liolorum
665 291 720 337 ad
769 292 890 337 hanc
934 291 1129 346 aceedit,
1185 290 1295 336 licet
1343 299 1495 335 cetera
1531 291 1628 335 sint

404 359 604 404 diversa.

472 422 646 469 Suadet
694 423 836 484 igitur
879 422 1151 467 herbarium
1191 421 1347 475 Linn„
1388 428 1438 465 ut
1476 421 1630 483 potius

404 489 463 534 ad
511 505 675 534 eorum
720 489 993 551 opinionem
1042 487 1356 538 discedamus,
1399 487 1481 548 qui
1531 486 1632 530 sub-

404 553 593 599 acaulem
631 554 751 599 Livm.
788 554 893 616 (nec
929 553 1130 599 dubium
1163 562 1231 597 est
1261 551 1454 614 quidem
1488 552 1631 597 mini-

409 636 556 674 mum,
609 620 726 682 quin
781 619 873 664 huc
918 619 1077 682 planta
1128 618 1332 663 herbarii
1373 617 1631 680 pertineat)

404 684 575 730 dieunt
626 701 722 730 esse
777 683 1011 729 velutinam
1058 684 1207 735 Lehm.‚
1255 683 1302 728 id
1352 682 1495 746 qnod,
1536 683 1630 727 nisi

409 749 534 795 fallit
572 751 816 804 memoria,
854 749 930 795 Ill.
966 749 1293 795 Lehmannius
1331 749 1429 811 ipse
1466 749 1515 793 in
1551 746 1634 792 lit-

406 816 520 861 teris
558 832 642 861 nos
678 815 880 861 edocuit.

844 951 1060 960 ———

739 1075 993 1122 POLYAN
1001 1075 1166 1120 DRIA.

273 1182 383 1230 689.
421 1170 606 1229 C1swsj

339 1271 473 1316 Inter
527 1270 667 1334 hujus
710 1271 894 1332 generis
940 1270 1127 1325 formas,
1175 1270 1445 1334 complures
1483 1270 1636 1333 (num.

405 1335 559 1400 2—6)
594 1338 643 1381 in
677 1335 897 1381 herbario
924 1335 1113 1390 adsunt,
1145 1336 1317 1399 quibus
1348 1338 1635 1400 inscriptum

406 1410 476 1446 est
520 1418 696 1446 nomen
742 1418 870 1446 nunc
913 1419 1022 1452 cam,
1060 1418 1187 1446 nunc
1223 1404 1321 1448 cani
1353 1411 1401 1458 β,·
1437 1419 1486 1447 ea
1527 1419 1638 1447 vero

406 1467 666 1529 specimina
703 1476 816 1512 sunt
853 1468 1012 1512 onmia
1051 1476 1260 1521 externa,
1299 1466 1452 1530 pluria
1491 1469 1634 1513 etiam

406 1533 587 1577 incerta
628 1531 874 1589 videntum
911 1532 1001 1578 alia
1031 1541 1190 1577 tamen
1221 1532 1529 1596 descriptioni
1563 1550 1638 1578 re-

406 1597 706 1659 spondentia,
743 1598 801 1642 ad
843 1598 1118 1644 Helianthem.
1155 1597 1353 1644 celandic.
1395 1614 1483 1643 var.
1512 1615 1636 1642 cane-

407 1677 525 1706 scens
570 1662 689 1707 Auos.
726 1661 892 1708 Suecor.
929 1672 1080 1708 recem.
1119 1664 1377 1725 pertinent,
1413 1663 1469 1707 ad
1508 1663 1636 1725 quod
1699 1685 1702 1691 ¹

407 1725 590 1788 reliqua
628 1743 814 1790 quoque
851 1727 958 1790 plus
999 1729 1218 1773 minusve
1255 1728 1501 1773 accedunt.

275 1833 385 1880 695.
422 1836 673 1881 AcoNrrUM.

340 1920 410 1983 (2)
445 1921 655 1982 Napellus
689 1921 720 1964 5
747 1927 915 1979 (manu
947 1939 1123 1986 propr.3
1160 1940 1182 1967 a
1213 1924 1306 1968 Sm.
1341 1928 1491 1980 vero:)
1520 1924 1636 1968 Neu-

407 1986 600 2047 berqense
651 1987 840 2032 DeCand.
896 1988 962 2033 45.
1002 2016 1054 2022 -
1098 1998 1423 2034 vieomontanum
1463 1988 1636 2034 Willd.?

406 2050 519 2096 Clas.
558 2068 597 2096 v.
631 2054 673 2096 2
713 2053 781 2097 96.
813 2053 844 2113 s.
887 2053 953 2097 L?
993 2081 1052 2088 ——-

476 2118 550 2162 Ex
590 2119 784 2163 nomine
815 2135 1105 2180 numeroque
1133 2120 1289 2164 citatis
1319 2118 1636 2182 autographis,

405 2181 464 2226 ad
516 2182 590 2244 Sp.
643 2182 714 2228 Pl.
761 2183 873 2228 edit.
925 2185 944 2228 l
986 2184 1328 2246 delegantibus,
1367 2194 1511 2247 patet,
1548 2184 1637 2230 hoc

408 2248 648 2308 specimen
690 2247 907 2294 herbario
943 2266 1038 2295 esse
1085 2251 1318 2295 insertum
1357 2251 1634 2312 priusquam

407 2313 548 2356 Linn.
585 2314 633 2356 in
673 2314 748 2375 Sp.
787 2313 858 2360 Pl.
894 2314 1007 2360 edit.
1045 2314 1078 2359 2
1106 2315 1172 2360 Ac.
1202 2316 1474 2360 Cammarum
1500 2332 1522 2359 a
1544 2316 1635 2360 Na-

404 2375 514 2436 pello
550 2376 842 2431 distinxerit,
882 2389 1150 2442 nomenque
1187 2380 1362 2424 deinde
1390 2381 1633 2433 omissum,

407 2449 460 2484 nt
496 2440 555 2484 ad
585 2457 755 2486 novam
790 2442 910 2487 lianc
938 2444 1389 2489 ‹leterininationem
1421 2461 1633 2489 accomo-

407 2504 612 2549 daretnr.
683 2507 928 2567 Speeinnen
960 2509 1086 2552 enin}
1121 2526 1323 2571 pra-»sens
1352 2519 1420 2554 est
1441 2510 1488 2554 A.
1509 2511 1634 2555 Cam-

407 2570 521 2614 φηςιν-ι’
560 2572 617 2619 L..
657 2587 740 2615 nec
776 2571 961 2630 Napelli,
996 2572 1157 2635 quales
1194 2583 1320 2619 certe
1360 2575 1429 2619 ha‘.
1457 2576 1634 2638 species
