1742 3016
1315 133 1404 181 183

302 248 373 293 Ex
431 256 661 310 preest-nte
714 255 873 292 autem
920 247 1122 292 minime
1158 246 1474 291 confirmatur

232 314 395 376 opinio
431 331 611 364 eorum,
649 314 731 376 qui
768 313 812 358 S.
846 314 1014 374 fuscam
1054 313 1177 358 Linn.
1215 329 1311 358 esse
1339 313 1476 356 versi-

227 381 377 443 soliam
433 379 643 425 Wahlenb.
698 379 915 432 suadent,
962 378 1043 424 sed
1090 395 1254 424 eorum
1301 379 1475 441 potius,

231 449 311 510 qni
369 448 417 492 in
475 446 640 491 formis
682 444 725 490 S.
766 446 955 506 repentis
991 462 1093 490 eam
1132 446 1474 508 quaesiverunt.

231 515 442 559 Praesens
479 514 608 557 enim
650 511 878 566 ramulus,
917 521 1154 574 quantum
1185 529 1240 557 ex
1273 511 1399 556 foliis
1428 520 1475 556 et

228 580 433 625 amentis
482 577 716 632 masculis,
762 595 867 641 quae
903 576 999 623 sola
1037 577 1227 633 adsunt,
1264 579 1475 642 judicare

230 646 354 700 licet,
411 644 545 690 nullo
594 644 735 690 modo
779 644 838 689 ad
876 644 1020 689 aliam
1059 645 1263 708 speciem
1305 644 1473 689 referri

228 721 397 775 potest,
433 729 575 775 quam
615 711 670 757 ad
713 710 756 757 S.
795 721 1013 773 repentem
1051 712 1186 761 Auca,
1215 712 1347 775 cujus
1380 711 1473 756 sor-

229 796 302 823 ma
358 787 427 823 est
474 778 599 824 foliis
636 777 1071 842 (semiuncialibus)
1109 776 1251 823 solito
1288 777 1473 822 latiori-

226 844 328 900 bus,
388 846 532 907 magis
577 844 773 900 obtusis,
821 843 1084 908 subtusque
1122 844 1318 889 densius
1354 845 1472 889 seri—

226 914 333 966 ceis,
388 912 576 975 qualem
638 912 747 956 huic
802 911 1107 957 simillii'nam
1154 928 1210 956 ex
1252 909 1473 974 pluribus

226 979 401 1024 Sueciae
440 979 609 1024 mediae
648 978 761 1024 locis
799 978 1028 1042 possideo.
1084 978 1252 1024 Unum
1283 994 1472 1041 quoque

226 1062 611 1108 synonymorum
670 1045 772 1090 heic
834 1044 1204 1108 adscriptorum,
1268 1044 1469 1090 Dillenii

226 1112 348 1166 dico⁷
388 1130 411 1156 3
449 1112 657 1158 Smithio
694 1114 742 1157 in
784 1112 853 1158 Fl.
893 1113 1012 1158 Brit.
1052 1129 1094 1174 p.
1138 1111 1265 1158 1062
1301 1113 1358 1156 ad
1393 1128 1471 1156 va-

228 1180 445 1224 rietatem
487 1179 530 1224 S.
569 1180 758 1241 repentis
798 1178 1016 1224 refertur.

157 1244 269 1302 (59)
305 1244 434 1291 Salia>
479 1246 559 1308 (ιη.
607 1263 781 1310 propr„
827 1246 907 1290 scd
946 1247 1048 1291 sine
1085 1244 1304 1301 nomine3
1344 1245 1470 1290 Smi-

227 1311 356 1358 thius
396 1322 583 1358 tantum
623 1312 936 1376 observavitx)
974 1330 1054 1356 non
1077 1312 1201 1374 fusca
1229 1311 1389 1376 (atque
1418 1313 1469 1357 in

224 1378 313 1424 alia
362 1381 542 1442 paginae
579 1380 753 1443 partu)
800 1382 1001 1425 arenaria
1042 1379 1195 1441 Liqlch.
1233 1406 1296 1413 -—
1331 1379 1470 1423 varie-

222 1455 288 1490 tas
334 1445 377 1492 S.
419 1447 551 1508 suscae
591 1448 680 1492 Lifn.
729 1448 780 1491 D.
823 1447 971 1509 Viborq
1023 1447 1148 1510 (quae
1186 1455 1346 1491 tamen
1384 1463 1470 1509 po-

223 1522 335 1568 stea,
372 1531 431 1558 an
471 1513 530 1558 ah
566 1514 669 1576 ipso
708 1515 875 1567 nescio,
911 1515 1085 1559 extrita
1124 1514 1267 1577 sunt.)

292 1580 416 1636 Haec,
473 1580 584 1626 licet
630 1598 726 1626 non
776 1582 905 1643 signa
946 1580 1109 1626 eadem
1150 1579 1469 1642 antiquitatis,

222 1663 274 1691 ac
330 1648 377 1691 in
433 1649 607 1711 priore,
662 1656 775 1692 sunt
827 1647 1058 1710 adposita,
1105 1655 1267 1692 exacte
1304 1654 1467 1691 tamen

222 1713 386 1758 eadem
443 1723 512 1759 est
559 1713 725 1766 forma,
768 1714 858 1761 sed.
888 1714 1095 1759 amentis
1134 1712 1354 1759 femineis
1392 1714 1468 1758 in-

221 1789 415 1836 structa,
454 1798 559 1845 quae
595 1798 783 1845 quoque
820 1782 1021 1826 omnino
1050 1790 1162 1825 sunt
1191 1780 1235 1827 S.
1256 1781 1467 1842 repenti33

220 1863 366 1909 quare
418 1865 473 1893 ex
532 1848 618 1893 hac
662 1849 806 1893 etiam
855 1849 1002 1909 magis
1041 1846 1322 1911 probantur,
1360 1864 1465 1909 quae

221 1912 310 1957 sub
348 1915 505 1976 priore
541 1914 661 1970 dixi,
700 1914 799 1960 haee
826 1915 1087 1977 specimina
1120 1914 1325 1958 minime
1353 1913 1466 1958 illo-

224 1996 330 2023 rum
369 1981 586 2043 opinioni
624 1997 721 2025 esse
757 1980 986 2035 subsidio,
1025 1981 1108 2043 qui
1144 1979 1189 2025 S.
1215 1979 1383 2041 fuscam
1414 1981 1464 2025 in

224 2045 437 2106 versvsolz'a
492 2047 816 2109 quecsiverint.
889 2047 1071 2091 Verum
1129 2046 1325 2109 quidem
1380 2055 1464 2102 est,

220 2112 483 2158 Smithiuin
524 2122 806 2176 praesentem
847 2129 965 2158 »non
1007 2113 1209 2158 fuscam»
1247 2129 1344 2158 esse
1380 2113 1466 2158 de—

220 2177 432 2234 clarasse,
470 2179 550 2224 sed
589 2196 814 2233 caussam,
852 2196 937 2225 cur
973 2180 1040 2225 sic
1077 2179 1257 2232 fecerit,
1302 2179 1465 2225 videre

222 2262 316 2290 non
359 2263 572 2309 possum;
612 2263 764 2310 neque
793 2248 918 2292 Eum
949 2262 1138 2310 semper
1166 2246 1225 2291 de
1252 2245 1340 2292 hoc
1359 2263 1465 2310 spe-

220 2313 398 2358 cimine
434 2313 635 2358 eandem
680 2312 752 2358 vel
782 2313 929 2359 solam
965 2313 1086 2359 hanc
1116 2311 1336 2358 habuisse
1357 2330 1465 2358 sen-

220 2380 437 2434 tentiam,
489 2380 728 2443 adsciipta
785 2382 882 2443 ejus
935 2389 1104 2435 cetera,
1160 2383 1252 2446 jam
1300 2379 1462 2435 rzelita,

220 2445 440 2508 ΡιόΙ)«.ιιιῑ

187 2510 190 2513 ’
287 2513 489 2577 Insuper
542 2512 651 2558 folia
705 2530 857 2577 quum
914 2513 1066 2578 hujus,
1123 2523 1225 2559 tum
1274 2513 1462 2576 primis,

220 2587 360 2641 atque
415 2579 628 2626 ramulus
681 2580 781 2644 ipse
828 2589 1028 2643 uterque
1070 2597 1178 2625 cuni
1221 2580 1292 2642 fig.
1330 2579 1461 2625 Rud-
