1742 3016
1286 153 1372 198 141

283 269 496 316 Omnino
539 276 608 313 est
653 267 802 313 forma
842 268 889 312 in
930 264 1243 311 scandinavia
1283 262 1447 326 vulga-

219 339 401 384 tissima
448 336 495 380 F.
533 344 744 381 montanee
782 335 900 379 Auct.
938 349 1044 377 omn.
1092 332 1250 383 scand„
1286 348 1308 377 a
1348 332 1446 396 pri-

221 423 300 451 ore
335 404 535 450 minime
571 402 723 466 specie
759 398 1108 461 distinguenda.

289 471 504 533 Filaqunis
556 467 842 532 pyramidatoe
896 465 1014 529 Spec.
1061 465 1126 511 Pl.
1175 484 1324 531 neque
1363 483 1447 512 no·-

220 556 344 594 men,
378 553 529 600 neque
557 537 812 599 specimen,
844 550 1037 597 usquam
1071 534 1119 578 in
1144 533 1274 579 herb.
1295 534 1448 591 adest3

221 622 318 660 nec,
375 604 424 649 id
479 602 606 666 quod
656 605 746 665 jam
783 602 1049 664 antiquitus
1085 602 1325 661 cognitum
1365 610 1449 657 est,

222 672 368 718 forma
409 669 504 716 ulla
541 669 607 715 ibi
646 678 925 721 asservatur,
955 668 1012 713 ad
1045 670 1094 714 F.
1124 668 1346 713 minimam
1378 668 1451 714 Fr.

221 737 479 792 referenda,
508 754 613 801 quae
641 738 838 783 Linnaeo
859 735 999 800 plane
1020 736 1175 799 ignota
1196 744 1326 781 certo
1348 735 1448 781 fuit.

97 838 237 886 1052.
272 839 437 885 onLA.

153 916 221 982 (1)
255 917 368 962 hirta
405 917 433 960 6
470 917 552 978 (m.
590 933 768 980 propr.3
809 924 964 980 postea
1002 926 1158 960 autem
1191 932 1335 961 mauu
1365 913 1452 960 ali-

222 1001 324 1040 ena,
373 984 526 1030 forsan
567 982 801 1037 Solandri,
837 983 1131 1046 adscriptum
1170 984 1280 1045 est:)
1313 983 1451 1045 saqit—

221 1060 311 1097 tata
346 1050 464 1097 Solsr.
519 1051 598 1114 (Iu
638 1059 769 1114 parte
797 1050 973 1097 chartae
1002 1050 1187 1095 diversa
1213 1049 1348 1105 alius,
1373 1066 1452 1095 ve-

225 1119 424 1164 risimile
450 1121 690 1171 inventor,
717 1118 950 1181 scripsit:)
975 1117 1090 1162 Viola
1114 1116 1229 1179 soliis
1246 1118 1452 1163 mamimis

222 1185 409 1239 hirsutis,
463 1185 518 1230 ad
569 1185 685 1230 basin
728 1184 918 1231 nonnihil
952 1184 1221 1236 auriculam,
1256 1202 1277 1230 e
1312 1184 1451 1230 radice

229 1252 486 1315 pedunculos
521 1253 723 1297 emittens.

291 1319 429 1379 Quod
467 1319 525 1365 ad
556 1319 892 1364 indumentum
923 1320 1109 1374 attinet,
1141 1320 1185 1365 V.
1204 1319 1326 1365 hirtae
1347 1319 1454 1382 qui-

228 1389 339 1434 dem
379 1387 504 1432 haud
539 1385 789 1432 dissimilis
824 1395 907 1438 est,
945 1386 1024 1431 sed
1064 1386 1189 1433 foliis
1225 1385 1453 1449 elongatis

226 1454 324 1500 basi
362 1453 680 1516 subsagittata‚
718 1452 888 1518 sepalis
915 1455 1198 1500 acutissimis
1230 1452 1366 1500 valde
1395 1452 1455 1499 ab

227 1539 277 1568 ea
315 1521 491 1576 differt,
527 1530 668 1584 atque
703 1520 763 1567 ob
800 1521 879 1566 has
917 1529 1050 1567 notas
1075 1531 1343 1585 ceterasque
1373 1538 1456 1585 po-

230 1590 482 1639 tissimum,
526 1597 578 1634 ut
618 1591 708 1653 jam
748 1587 976 1634 Solander
1013 1590 1267 1652 perspexit,
1305 1588 1350 1635 V.
1387 1605 1456 1634 sa-

226 1659 381 1718 yz'tccua
426 1656 551 1700 Aiton
589 1655 780 1700 videtur
817 1672 926 1709 esse,
963 1659 1095 1721 cujus
1131 1673 1237 1701 cum
1276 1654 1456 1701 descri-

228 1723 390 1787 ptione
426 1723 474 1768 in
517 1723 818 1776 H01·t.‚Kew.
855 1723 942 1777 ΙΙΙ,
982 1740 1024 1786 p.
1061 1721 1158 1768 287
1196 1722 1315 1768 bene
1344 1740 1456 1769 con-

231 1792 376 1844 venit,
404 1799 596 1853 excepta
629 1799 815 1835 tantum
849 1789 1085 1854 pilositate
1110 1792 1328 1836 omnium
1361 1789 1457 1836 fere

232 1858 441 1921 partium
479 1857 696 1903 densiore
732 1867 778 1903 et
816 1859 960 1920 magis
996 1858 1259 1921 conspicua.

166 1943 240 2008 (2)
274 1946 486 2008 palustris
521 1942 551 1989 7
586 1952 754 2005 (manu
793 1952 987 2010 propin).

298 2011 407 2058 Haec
444 2011 568 2058 foliis
605 2012 894 2076 longioribus
925 2013 1309 2069 ovato-cordatis,
1347 2030 1455 2059 acu-

234 2079 462 2134 tiusculis,
490 2079 673 2125 bractea
706 2079 960 2144 pedunculi
992 2079 1094 2127 flori
1116 2082 1458 2145 approximata‚

232 2155 280 2191 et
299 2148 464 2192 ceteris
484 2148 681 2192 omniuo
699 2155 765 2192 est
799 2147 843 2192 V.
873 2147 1052 2210 epipsila
1073 2148 1214 2195 Ledeb.
1235 2148 1387 2213 quaiis
1408 2149 1457 2194 in

233 2214 400 2259 Hartm.
442 2213 505 2259 Fl.
542 2213 696 2260 Scand.
734 2213 797 2259 ed.
830 2213 873 2264 5,
910 2231 988 2260 seu
1026 2215 1070 2261 V.
1100 2217 1264 2262 suecica
1299 2217 1373 2262 Fr.
1411 2216 1458 2261 in

235 2281 324 2326 Bot.
353 2281 448 2326 Not.
479 2281 605 2332 4849,
628 2298 672 2344 p.
701 2281 778 2333 60‚·
802 2298 920 2345 quae,
949 2284 1035 2328 etsi
1063 2300 1163 2328 aevo
1199 2284 1458 2329 Linnaeano

235 2349 506 2412 praetervisa
529 2365 615 2395 uec
643 2366 664 2394 a
691 2347 878 2411 palustri
903 2348 1142 2406 distincta,
1164 2351 1213 2397 in
1243 2349 1460 2415 complu-

235 2414 368 2462 ribus
404 2416 578 2462 Sueciae
613 2417 874 2480 provinciis
910 2425 1007 2462 tam
1046 2418 1251 2481 vulgaris
1285 2427 1369 2473 est,
1407 2425 1460 2463 ut

237 2483 440 2529 minime
467 2485 529 2529 sit
558 2483 847 2538 mirandum,
867 2501 968 2530 eam
992 2482 1112 2531 forte
1131 2486 1300 2550 saepius
1321 2484 1461 2531 fuisse

239 2549 366 2595 inter
392 2552 649 2614 specimina
691 2568 810 2598 verae
844 2550 1050 2614 palustris
1085 2552 1345 2599 collectam.

1269 2621 1328 2665 10
