1742 3016
1381 173 1447 220 43

140 280 249 328 103.
305 280 543 328 Hominum.

202 360 339 418 Quod
393 359 449 404 ad
499 358 551 403 H.
597 357 823 401 murinum
858 364 883 412 β
919 356 982 404 Fl.
1024 357 1145 405 Suec.
1182 361 1370 415 attinet,
1408 362 1518 408 nul-

273 426 371 474 lum
426 425 607 488 specim.
653 423 741 468 hoc
785 423 976 469 nomine
1023 425 1070 470 in
1111 425 1333 473 herbario
1369 445 1519 475 assei·-

274 502 426 545 vatur,
481 491 569 536 uisi
618 506 899 553 praesumere
937 491 1084 545 liceat,
1121 494 1378 556 specimina
1422 495 1520 541 duo

269 560 418 623 (num.
449 559 477 603 3
499 555 550 602 &
570 556 621 620 4)
652 556 814 602 Hordei
837 559 1060 618 pratensis
1088 559 1224 605 Huds.
1256 571 1304 606 et
1332 562 1519 613 Recent„

271 624 441 690 quibus
480 623 566 668 hoc
604 640 774 668 nomen
806 623 1059 687 adscripsit
1081 625 1331 679 smithius,
1357 645 1381 673 a
1404 629 1519 674 Lin-

271 708 370 737 naeo
421 707 468 734 ea
530 699 685 735 mente
737 706 834 735 esse
891 692 940 736 in
988 690 1174 739 herbar.
1220 693 1429 748 condita,
1469 704 1520 740 ut

269 760 325 804 H.
377 757 599 802 murinum
653 766 678 813 β
735 766 1140 820 repraesentarent,
1193 760 1281 806 etsi
1345 778 1517 806 nomen

267 823 441 871 addere
479 825 577 888 ipse
614 824 841 870 omiserit.

612 1033 1045 1082 TETRANDRIA.

139 1103 248 1150 129.
302 1103 504 1149 GAmUM.

203 1180 274 1244 (9)
310 1179 505 1243 trifidum
540 1179 568 1222 4
605 1172 766 1242 (manu
808 1196 989 1243 propin,
1025 1189 1168 1244 atque
1199 1179 1368 1244 locus2)
1398 1181 1449 1227 H.
1469 1181 1518 1228 U.

269 1246 343 1309 (In
370 1247 533 1309 pagina
555 1245 697 1291 altera
711 1246 936 1291 Linnaeus
955 1247 1093 1292 etiam
1109 1246 1330 1309 addiditz)
1342 1246 1520 1293 Galium

267 1313 443 1378 floribus
479 1313 635 1376 trifidis
671 1330 690 1358 e
727 1313 960 1358 seminibus
986 1314 1297 1360 canadensibus
1341 1313 1519 1366 Kalmii.

341 1381 414 1426 Ex
466 1380 553 1426 hoc
599 1380 870 1444 specimine,
913 1380 1057 1444 quod,
1103 1390 1290 1445 excepta
1331 1390 1518 1427 tantum

275 1446 596 1509 magnitudine
651 1448 695 1492 in
759 1447 948 1509 specim.
1003 1447 1131 1493 culto
1191 1446 1321 1494 haud
1385 1450 1522 1504 mira,

270 1515 466 1560 omnino
485 1531 591 1559 cum
614 1512 666 1565 G,
686 1512 825 1577 trifido
848 1513 1073 1576 paludum
1097 1515 1269 1560 Sueciae
1288 1517 1522 1577 congruit,

273 1580 469 1644 judicari
529 1589 695 1642 potest,
744 1581 971 1626 Auctores
1018 1591 1202 1627 nostros
1242 1582 1522 1628 recentiores

272 1663 443 1692 nomen
499 1647 830 1700 Linnaeanum,
876 1648 1029 1710 primo
1076 1657 1258 1694 tantum
1297 1649 1522 1712 specimi-

273 1712 413 1758 nibus
449 1711 803 1758 Canadeusibus
841 1713 1025 1768 datum,
1071 1713 1234 1760 formae
1269 1715 1397 1779 apud
1437 1732 1521 1760 nos

275 1789 431 1842 postea
472 1780 680 1826 inventae
717 1781 888 1825 merito
924 1781 1216 1845 imposuisse.

206 1855 275 1922 (4)
312 1858 514 1919 spurium
552 1857 632 1921 (m.
673 1856 850 1921 propr.)

339 1924 440 1976 Est,
495 1923 648 1987 quoad
706 1924 998 1970 characteres
1044 1941 1205 1969 omnes
1243 1924 1522 1989 faciemque,

272 1988 322 2035 G.
359 1991 562 2051 spurium
600 1991 643 2035 L.
683 1989 760 2051 Sp.
800 1990 890 2041 Fl.,
928 2006 1078 2053 neque
1117 1992 1273 2036 minus
1301 2008 1420 2053 spur.
1448 1992 1522 2037 Hn

275 2055 343 2102 Fl.
398 2054 578 2107 Somni„
632 2057 814 2101 etiamsi
868 2057 1105 2120 specimen
1150 2057 1392 2104 Linnaean.
1440 2060 1521 2106 vix

272 2122 516 2168 Suecicum
555 2122 630 2167 sit.

208 2200 276 2265 (5)
313 2197 490 2245 Galium
525 2197 711 2244 samatile
749 2198 829 2262 (m.
858 2216 1037 2264 propr„
1073 2210 1218 2265 atque
1250 2217 1395 2265 prope
1414 2218 1523 2265 spe-

274 2266 473 2330 cimenz)
517 2267 760 2311 Lacourette
789 2294 851 2301 —
880 2260 947 2329 (et
982 2267 1029 2312 in
1071 2285 1171 2333 pag.
1208 2267 1401 2333 alterat)
1438 2270 1522 2315 Fo-

273 2333 333 2380 lia
367 2331 410 2385 5,
445 2332 485 2387 4,
525 2332 641 2378 6-ve.

210 2409 279 2475 (6)
331 2409 516 2456 samatile
570 2412 600 2454 8
645 2410 726 2474 (m.
775 2427 956 2475 propr..
989 2420 1130 2476 atque
1165 2422 1392 2477 praeterea
1432 2429 1522 2458 nu-

275 2484 474 2541 meruffi)
509 2476 586 2523 23.

342 2543 486 2590 Num.
522 2553 568 2590 et
607 2543 634 2590 5
671 2553 716 2589 et
751 2543 783 2591 6
827 2545 1082 2609 specimina
1121 2545 1380 2599 continent,
1416 2561 1522 2608 quae

276 2626 383 2656 cum
413 2609 463 2657 G.
495 2610 677 2658 saoeatili
703 2609 840 2658 Auctt.
870 2621 1022 2658 recent.
1041 2612 1221 2678 optime
1240 2620 1521 2676 congruunt.
