1742 3016
297 173 362 220 44

359 281 532 329 Nullus
573 297 677 326 veto
711 280 838 327 locus
879 281 1094 327 Suecicus
1142 280 1213 326 his
1257 281 1589 344 speciminibus

361 348 601 412 appositus
621 356 703 400 est,
723 349 1076 412 quamquamin
1098 347 1419 422 ”Appendice’
1442 347 1589 394 Florae

361 416 490 460 Suec.
548 414 767 459 Linnaeus
820 431 899 460 sua
955 431 1093 459 manu
1145 413 1364 459 inseruit:
1416 412 1591 460 Galium

360 479 545 526 samatile
570 508 626 516 —-
646 479 805 526 Scania
832 479 1040 526 australis
1070 479 1207 525 Leclw.

230 569 336 616 144.
392 569 658 614 PLANTAGO.

294 646 364 711 (3)
401 645 610 691 altissima
643 643 722 708 (m.
761 661 934 708 propr„
969 654 1108 708 atque
1144 643 1313 708 locust)
1351 644 1402 689 H.
1423 644 1471 690 U.

426 713 512 758 Est
550 712 614 757 Pl.
649 710 886 756 lanceolacae
924 711 1062 756 Auctt.
1095 711 1299 755 maxime
1321 709 1487 763 affinis,
1519 711 1590 757 vel

360 780 516 842 potius
566 778 710 823 forma
757 777 976 852 ejusdem,
1034 777 1359 839 magnitudine
1405 784 1591 822 tantum

318 848 498 907 'atque
550 859 688 906 scapo
742 844 896 888 miuus
943 816 1132 906 piloso,O
1158 842 1372 906 foliisque
1417 842 1592 904 glabris

360 909 543 954 diversa
599 910 672 971 (ut
720 910 861 954 etiim
918 910 963 953 in
1013 910 1089 971 Sp
1127 908 1196 953 Pl
1235 909 1457 954 Linnaeus
1495 909 1592 971 ipse

356 975 629 1038 adnotavit),
658 976 837 1020 etiamsi
865 977 989 1037 spica
1011 973 1147 1033 hujus
1166 975 1437 1035 speciminis
1456 983 1589 1020 ovata

359 1058 466 1087 cum
521 1040 833 1101 descriptione
879 1042 924 1084 in
963 1040 1037 1101 Sp.
1077 1039 1167 1095 PL,
1207 1039 1284 1083 ubi
1323 1039 1446 1101 spica
1484 1043 1592 1103 ''cy-

359 1106 554 1151 lindi-ica
592 1105 752 1166 longa'’
792 1115 997 1157 vocatur,
1036 1122 1126 1150 non
1163 1105 1428 1150 conveniat.

291 1182 415 1247 (4)(
400 1182 527 1246 (Sine
564 1182 773 1237 nomine3
804 1198 825 1225 a
857 1199 996 1227 manu
1027 1181 1173 1227 atiena
1203 1182 1432 1246 tantumz)
1460 1184 1512 1229 Β.
1531 1181 1592 1226 45

358 1247 466 1313 (sub
502 1249 626 1311 quod
664 1247 756 1292 Sm.
794 1247 1020 1322 addidit2)
1056 1245 1234 1293 Geiaid.

425 1315 557 1359 Hanc
598 1314 664 1358 iot
671 1331 810 1366 mam
848 1315 932 1358 etsi
973 1315 1163 1359 nomine
1190 1323 1355 1367 careat,
1387 1331 1591 1359 comme-

359 1382 551 1432 moravi,
588 1381 694 1444 quia
737 1380 926 1425 unicum
964 1390 1032 1426 est
1059 1381 1293 1443 specimen
1326 1380 1459 1442 hujus
1496 1381 1590 1426 Ge-

355 1447 492 1502 neris,
546 1463 652 1491 cum
709 1448 760 1492 P.
805 1445 1036 1492 lanceolata
1080 1448 1271 1508 omnino
1315 1463 1589 1509 congruens,

357 1530 442 1576 pro
494 1530 582 1576 qua
646 1512 893 1558 verisimile
948 1513 1175 1558 Linnaeus
1219 1513 1360 1558 etiam
1407 1513 1506 1576 ipse
1541 1512 1589 1558 id

356 1577 535 1630 habuit,
571 1579 750 1623 etiamsi
791 1595 957 1624 nomen
996 1579 1217 1624 omiserit.

287 1665 356 1730 (5)
393 1666 572 1729 (Etiam
615 1666 802 1711 nominc
838 1675 976 1718 caret,
1013 1665 1094 1710 sed
1135 1682 1271 1709 manu
1308 1665 1483 1710 Linnaei
1506 1682 1588 1728 ap·-

357 1733 535 1795 positus
587 1741 655 1776 est
702 1731 867 1793 locus:)
904 1730 1010 1777 Gotl.
1050 1731 1212 1793 (quod,
1250 1740 1417 1793 praeter
1456 1740 1587 1777 notas

352 1815 461 1843 cum
498 1797 814 1860 descriptione
847 1798 1094 1842 Linnaeana
1123 1806 1442 1858 congi·nenteS‚
1480 1814 1587 1860 pro-

354 1863 461 1909 bare
502 1863 689 1908 videtur
728 1863 846 1908 hanc
881 1880 977 1908 esse
1017 1863 1213 1908 formam
1260 1863 1444 1913 dubiam,
1480 1879 1586 1925 quae

354 1930 400 1975 in
441 1929 506 1975 Fl.
544 1930 670 1974 Suec.
708 1929 792 1974 N:0
832 1928 926 1974 132
962 1939 1006 1974 et
1045 1930 1090 1973 in
1132 1929 1190 1974 It.
1221 1928 1343 1975 Gott.
1367 1927 1586 1992 pag.216

351 1995 580 2059 affertur).

420 2063 664 2119 Quantum
720 2077 743 2105 e
790 2060 1128 2124 speciminibus
1165 2061 1346 2108 siccatis
1385 2060 1580 2124 judicari

356 2137 518 2189 potest,
574 2127 672 2171 haec
719 2125 860 2171 forma
907 2128 1070 2172 ceteris
1107 2125 1328 2172 omnibus
1367 2127 1488 2172 notis
1524 2126 1582 2171 ad

355 2196 403 2240 P.
442 2192 720 2238 lanceolatam
758 2193 973 2254 pertinet,
1012 2193 1088 2238 sed
1132 2194 1293 2238 faciem
1328 2193 1464 2237 habet
1502 2210 1583 2256 pa-

357 2259 451 2304 ullo
488 2259 718 2304 diversam
756 2258 815 2304 ob
855 2260 1007 2304 ianam
1048 2259 1094 2304 in
1142 2258 1325 2322 petiolis
1365 2257 1582 2322 foliisque

354 2324 609 2391 junioiibus
658 2325 888 2386 copiosam
945 2326 1144 2389 (albam
1201 2341 1281 2369 sec.
1326 2324 1392 2369 Fi.
1437 2324 1582 2377 Suec.,

351 2391 432 2437 sed
469 2407 595 2435 nunc
634 2390 786 2435 {floisan
831 2401 1059 2437 vetustate
1104 2390 1177 2435 ila
1196 2389 1348 2452 vam)
1391 2405 1496 2452 quoe
1531 2389 1580 2435 in

355 2457 474 2502 toliis
509 2457 672 2502 cetenis
699 2457 754 2500 ad
787 2456 1132 2530 pubi-scentiam
1158 2456 1335 2501 transit.
1358 2484 1418 2490 -—
1438 2455 1579 2513 Quod

351 2523 408 2568 ad
446 2522 790 2584 longitudinem
826 2523 966 2584 scapi,
1001 2539 1107 2567 cuni
1153 2521 1272 2567 foliis
1308 2523 1579 2585 comparati,

353 2590 531 2642 attinet,
567 2587 690 2651 scapi
729 2588 774 2633 in
812 2588 1065 2652 specimine
1104 2589 1282 2634 minore
1318 2587 1577 2635 biunciales
