1742 3016
1283 154 1373 200 137

219 270 431 335 plantam
472 265 662 322 nullibi,
702 267 789 312 nisi
832 265 930 312 loco
966 266 1143 311 Scaniae
1179 267 1319 311 unico
1347 267 1443 312 col-

219 338 327 400 legit
366 345 412 381 et
449 335 690 380 meinoriae
719 333 932 378 tradidit.
984 332 1137 390 Quam
1169 333 1332 379 formae
1355 333 1445 379 huc

220 406 525 469 pertinentes,
563 400 649 446 alia
680 402 729 445 in
759 399 917 455 aliam,
948 407 1204 454 transeant,
1226 400 1446 465 exemplo

217 483 286 518 est
332 471 418 517 hoc
454 470 709 533 specimen,
746 467 889 531 quod,
927 466 1096 512 infimo
1135 476 1320 514 tantum
1360 467 1446 514 illo

218 539 330 586 folio
380 536 567 583 caulino
615 533 838 598 petiolato
883 542 1092 597 excepto,
1135 552 1327 599 prorsus
1372 537 1446 581 ni-

218 605 382 652 hilum
431 603 704 666 specimine,
748 619 857 647 cum
894 599 981 646 illo
1024 611 1310 666 comparato,
1349 620 1447 649 ros-

217 674 313 718 sico
348 673 391 718 G.
429 672 693 716 aurantiacoe
733 669 878 731 Hoppe
915 667 1091 714 differt.

148 761 212 826 (2)
247 762 291 808 C.
327 761 475 823 alpina
511 769 546 806 ’γ
581 757 723 805 J.E.S.
761 757 925 819 (manu
964 757 1182 816 smithii3
1231 775 1293 804 m.
1329 759 1447 805 Lin-

218 830 304 875 naei
329 827 533 874 hocloco
554 843 728 872 nomen
751 825 894 872 modo
922 826 1230 882 inventoris:>
1255 825 1448 889 Jacquin.

282 897 405 945 Haec,
442 911 546 958 quae
583 894 736 957 jndice
772 892 979 939 Smithio
1016 910 1106 939 var.
1142 905 1177 941 9!
1213 894 1255 939 G.
1293 893 1448 956 alpinoe

216 962 432 1010 habenda
486 971 569 1016 est,
623 979 646 1006 a
694 962 850 1025 priore
887 960 1048 1006 differt
1089 961 1214 1007 foliis
1248 961 1449 1008 caulinis

218 1030 498 1085 minoribus,
544 1029 714 1075 infimo
759 1027 988 1075 subovato
1024 1027 1280 1083 subsessifi,
1318 1028 1449 1076 ideo-

218 1116 309 1163 que
353 1115 461 1143 cum
509 1096 659 1143 forma
699 1105 855 1142 nostra
898 1093 1082 1159 vulgata
1121 1098 1164 1144 C.
1200 1098 1450 1158 campestris

218 1168 339 1213 Recz.
386 1165 584 1210 omnino
620 1163 861 1217 convenit,
899 1180 985 1209 nec
1021 1180 1116 1209 non
1154 1180 1261 1209 cum
1301 1164 1446 1226 figura

218 1235 268 1280 in
308 1231 445 1294 Engl.
482 1232 586 1278 Bot.
623 1248 665 1276 n.
708 1229 809 1277 152.
881 1230 924 1276 C.
962 1230 1228 1294 iwzteyo⁴2solz'(e
1264 1229 1352 1277 Sm.
1384 1232 1449 1278 Fl.

218 1302 326 1347 Brit.
398 1297 688 1351 Verisimile,
718 1307 769 1344 ut
797 1316 818 1343 a
850 1298 1081 1362 Jacquino
1111 1299 1323 1352 missum,
1351 1302 1448 1366 ejus

218 1378 286 1415 est
322 1366 506 1430 integris.
542 1375 566 1422 β
603 1367 823 1428 pratensis.

153 1458 223 1523 (3)
258 1458 481 1505 Cineraria
534 1455 684 1518 alpina
728 1460 805 1515 (m.
852 1472 1011 1520 propr.
1047 1472 1179 1521 aeque
1214 1474 1266 1503 ac
1304 1472 1449 1522 prope

217 1526 450 1590 specim.:)
489 1524 538 1568 H.
576 1523 624 1569 U.

285 1592 512 1657 Ejusdem
550 1599 678 1636 certo
714 1590 883 1654 speciei
927 1599 1010 1646 est,
1047 1607 1098 1636 ac
1134 1592 1328 1654 priores,
1367 1591 1447 1637 sed

219 1658 329 1705 folia
366 1658 550 1704 catilina
591 1659 749 1711 etiam,
787 1675 839 1703 ac
877 1658 922 1702 in
964 1674 1093 1703 num.
1129 1659 1220 1716 (1),
1260 1661 1449 1722 majora,

221 1727 312 1772 late
359 1724 636 1780 lanceolata,
678 1723 933 1779 crenulata‚
981 1725 1203 1770 infimum
1252 1726 1449 1790 spathu-

220 1793 386 1848 latum‚
437 1791 655 1838 radicalia
703 1790 880 1856 petiolo
918 1791 1097 1848 latiore,
1137 1791 1301 1839 faciem
1341 1794 1449 1840 red-

221 1862 346 1907 dunt
383 1859 542 1924 paullo
578 1859 795 1905 alienam.

154 1940 232 1998 (4)
267 1938 412 2000 alpina
449 1945 614 1997 (manu
653 1938 795 1983 Linn.
833 1937 942 1990 filii;
986 1946 1141 2001 atque,
1177 1938 1226 1983 in
1262 1938 1448 1984 diversa

221 2006 395 2051 chartae
433 2014 578 2068 parte,
607 2009 760 2049 'manu
800 2003 1058 2050 verisimile
1095 2005 1329 2068 Jacqui11i‚
1366 2008 1449 2069 qui

222 2073 459 2136 specimen
499 2072 680 2117 misisse
713 2071 946 2129 videtui-z)
973 2072 1050 2117 N:o
1080 2070 1173 2116 465.
1227 2073 1449 2119 Cineraria

223 2139 478 2202 inteqrisolia
504 2141 729 2201 pratensis.
774 2138 937 2202 (Manu
966 2139 1150 2185 Linnaei
1187 2139 1334 2203 ipsius
1362 2140 1450 2187 sub

224 2207 296 2254 his
336 2216 520 2252 tantum
560 2207 835 2251 invenimus
872 2211 1092 2264 nomem)
1127 2206 1320 2270 Jacquin.

289 2275 467 2321 Exacte
502 2273 663 2319 eadem
703 2282 773 2318 est
809 2271 957 2319 forma
993 2290 1045 2318 ac
1073 2275 1290 2337 proxime
1316 2285 1450 2322 ante-

222 2341 408 2396 cedens,
457 2340 538 2387 sed
592 2342 766 2401 majore
801 2341 944 2386 etiam
984 2343 1098 2407 jure,
1134 2358 1277 2405 quam
1316 2361 1447 2390 num.

221 2409 303 2474 (2),
358 2425 444 2473 pro
500 2408 760 2473 specimine
811 2408 1086 2455 authentico
1136 2410 1449 2474 Jacquiniano

224 2475 452 2522 habenda.

160 2553 228 2616 (5)
262 2553 408 2615 alpina
449 2553 532 2617 (m.
568 2553 711 2600 Linn.
749 2553 850 2610 filii,
885 2570 1016 2618 aeque
1051 2572 1103 2601 ac
1140 2571 1311 2601 nomen
1350 2555 1447 2601 col-

230 2619 453 2682 lectorisz)
487 2620 678 2682 Jacquin.
709 2621 868 2684 (atque
897 2621 1033 2685 hujus
1060 2622 1267 2685 denique
1288 2639 1446 2675 manu,
