1742 3016
313 199 377 245 26

380 321 476 350 >men
509 304 730 366 typkoides
767 304 849 351 Vol.
882 305 928 350 3.
962 321 1060 367 paq.
1102 304 1192 350 154.
1220 305 1286 350 14.
1314 305 1456 365 (infra
1481 307 1603 368 quod

385 371 606 416 Linnaeus
626 372 830 434 responsi
855 371 953 417 ioco
973 372 1144 417 iterum
1172 371 1404 434 addiditt)
1431 372 1608 417 Phleum

383 436 596 482 nodosum.

446 502 553 549 Sine
585 500 733 548 dubio
766 511 835 548 est
869 503 917 548 P.
950 502 1087 548 nodos.
1117 501 1195 565 Sp.
1225 502 1290 549 Pl.
1321 504 1382 549 ed.
1418 506 1487 556 2,
1528 521 1609 551 nec

381 585 471 616 non
522 586 630 615 cum
685 567 833 614 forma
876 568 1008 614 Phlei
1050 587 1119 632 pi
1107 571 1292 623 atensis,
1327 571 1488 616 eodem
1529 587 1610 616 no-

381 636 507 681 mine
541 635 696 705 apud
696 635 989 681 Recentiores
1015 645 1299 690 occuriente,
1335 652 1609 700 congruens.

384 702 649 766 Specimina
684 692 836 746 tumen
876 700 953 746 vix
992 701 1175 747 Suecica
1222 713 1346 749 sunt.

315 790 385 854 (5)
423 790 501 837 Ph.
538 789 738 835 nodosum
774 787 1051 852 (insnaqnet)
1087 787 1123 833 A
1157 788 1320 852 (manu
1350 806 1521 853 piopr„
1558 799 1610 835 ut

382 857 526 902 etiam
564 855 612 900 in
653 855 817 918 pagina
859 852 1054 915 plagulae
1088 852 1274 918 alterat)
1315 853 1503 900 Gramen
1539 871 1610 899 ηο-

379 923 526 968 desum
561 923 774 983 spicatum
809 919 852 963 G.
890 920 941 964 B.
977 918 1103 964 Prod.

449 989 535 1033 Est
574 986 717 1032 fotu-a
756 983 877 1030 Phlei
911 992 1022 1046 prat.
1069 984 1238 1031 nodosa
1283 986 1493 1050 quidem,
1530 986 1611 1032 sed

381 1053 538 1100 culmo
578 1052 719 1103 tenui,
753 1050 879 1113 spica
930 1050 1106 1101 taxioni,
1153 1050 1282 1098 brevi
1321 1053 1418 1115 (vix
1456 1052 1613 1098 uncia-

384 1119 449 1182 ti).
485 1117 621 1170 ovaii,
659 1115 958 1163 mucronibus
993 1115 1287 1179 longitudine
1325 1118 1418 1163 sere
1451 1118 1615 1164 valvu-

382 1185 452 1239 lae,
486 1184 615 1248 quasi
661 1183 785 1229 inter
831 1182 950 1228 iilud
986 1192 1032 1228 et
1079 1183 1180 1229 Phi.
1215 1183 1430 1247 alpinum
1470 1185 1614 1230 inter-

384 1249 533 1296 media
588 1259 657 1296 est
711 1247 938 1304 habenda,
983 1248 1224 1296 simillima
1264 1250 1424 1296 formae
1467 1250 1615 1311 longis

383 1315 684 1362 mucronibus
737 1315 923 1377 insigni,
976 1331 1080 1378 quae
1133 1317 1180 1361 in
1227 1317 1370 1381 pratis
1408 1316 1616 1362 humidis

381 1400 527 1447 prope
562 1355 1064 1428 Gevalian1⁰occur=·it.

250 1482 328 1529 82.
384 1484 454 1528 Αῐ
455 1497 683 1527 opacunus.

315 1569 384 1634 (4)
420 1569 547 1633 (Sine
586 1570 790 1621 nomine,
827 1569 907 1614 sed
945 1568 1064 1632 Alop.
1100 1568 1337 1630 qeniculato
1367 1585 1472 1616 vero
1511 1585 1616 1632 pro-

382 1637 510 1681 xime
545 1633 838 1680 antecedenti
875 1634 1100 1690 astixum;
1132 1652 1270 1680 manu
1301 1635 1481 1680 Linnaei
1515 1643 1616 1679 tan-

392 1711 491 1746 tum
505 1701 535 1763 :)
573 1700 733 1762 Lappo.

451 1764 618 1824 Quoad
656 1765 947 1811 characteres
987 1765 1248 1828 faciemque
1277 1774 1519 1811 externam
1557 1763 1615 1809 ad

385 1832 506 1895 Alop.
559 1831 851 1894 qeniculatum
895 1841 1051 1877 cetero
1100 1831 1316 1895 pentina,
1353 1831 1430 1876 sed
1468 1847 1616 1894 quum

392 1898 521 1945 locus
555 1898 822 1962 adsciiptus
858 1897 1155 1962 (Lapponia),
1194 1906 1293 1942 tum
1331 1897 1456 1960 spica
1486 1896 1617 1958 giw-

387 1980 568 2011 cescens
615 1973 661 2009 et
705 1963 842 2008 aiista
892 1963 1091 2010 valvulae
1135 1963 1373 2009 coroliinae
1409 1961 1618 2024 glumam

385 2030 581 2094 calycin.
635 2045 728 2075 non
781 2032 1015 2075 excedens
1069 2045 1161 2075 non
1217 2030 1373 2074 minus
1417 2045 1524 2074 cum
1569 2027 1617 2073 A.

385 2095 564 2159 qemcul.
616 2104 642 2153 β
690 2095 755 2141 Fl.
801 2094 919 2142 Suec.
957 2106 1002 2141 et
1037 2113 1101 2141 nso
1134 2094 1196 2139 58
1233 2094 1298 2140 Fl.
1338 2095 1471 2156 Lapp.
1508 2110 1618 2140 con·

384 2171 576 2226 gruunt,
612 2179 752 2225 quam
791 2178 896 2207 cum
943 2161 1110 2224 Alopec.
1155 2160 1335 2236 μνήσω..
1379 2176 1466 2206 var.
1497 2158 1619 2222 fulvo

385 2229 525 2274 Aucta
564 2245 597 2273 s.
634 2228 680 2273 A.
713 2226 832 2290 fulvo
856 2226 970 2279 Sm„
1006 2244 1293 2293 quamquam
1327 2227 1376 2272 in
1401 2225 1619 2290 specimi-

388 2311 447 2341 ne
499 2294 668 2340 siccato
711 2294 837 2340 color
881 2304 928 2340 et
965 2294 1114 2341 souma
1150 2293 1456 2339 antherarum
1493 2307 1619 2338 nunc

385 2359 597 2406 discerni
636 2369 882 2423 nequeant.

255 2461 618 2509 84.Aonosr1s.

324 2547 394 2613 (2)
430 2545 605 2594 Arunda
651 2543 836 2608 mylecta
881 2544 1007 2591 Ekrh.
1052 2544 1139 2591 Cal.
1182 2544 1260 2588 118
1294 2544 1456 2606 (manu
1493 2543 1618 2589 Smi-

393 2613 502 2668 thii3
543 2612 724 2659 Linnaei
763 2627 904 2657 manu
941 2627 1106 2657 nomen
1137 2609 1338 2663 nullum,
1375 2610 1422 2656 in
1455 2610 1617 2674 pagina
