1742 3016
348 178 413 227 34

480 286 578 333 Hoc
612 303 802 349 gramen
840 284 1053 349 panicuia
1090 284 1277 340 diffusa,
1314 284 1504 331 ramulis
1539 285 1639 340 3-5,

410 353 603 416 spientis
638 354 786 399 ovatis
822 351 1018 405 3-ssori8‚
1063 352 1235 412 glumis
1281 351 1437 397 coroll.
1473 368 1639 398 nervo-

412 423 472 464 sis
531 418 642 465 villo
695 419 931 471 connexis,
978 418 1099 464 foliis
1146 418 1290 477 longis
1325 419 1544 480 angustis,
1582 417 1639 463 Ιί-

412 485 515 546 gula
553 486 780 547 elongata,
818 486 1057 549 perspicue
1095 492 1162 529 est
1198 484 1246 529 P.
1281 483 1468 529 trivialis
1505 483 1639 530 Auen.

412 560 586 602 recent„
640 568 722 598 nec
768 553 924 596 minus
971 552 1063 596 Lin.
1103 550 1166 594 Fl.
1206 548 1325 595 Suec.
1361 550 1422 595 ed.
1457 551 1500 594 22.
1537 549 1637 614 (ubi

411 618 742 682 descriptiones
780 617 916 681 hujus
951 616 1116 680 speciei
1155 614 1206 660 ὅ(
1235 618 1284 661 Ρ.
1311 618 1524 677 pratensis
1541 632 1640 662 cor-

413 685 564 748 rexit).
635 683 813 738 Unum,
859 685 980 746 qnod
1028 682 1330 745 descriptioni
1374 683 1417 727 in
1461 682 1530 726 Hn
1575 681 1640 728 Fi.

411 749 577 795 Scand.
617 766 706 795 non
745 758 906 794 exacte
941 748 1157 812 quadrat,
1195 764 1227 793 s,
1258 748 1386 793 color
1414 748 1640 812 paniculae

410 816 562 878 potius
581 814 637 860 ssa
650 830 846 870 vescens,
867 832 1006 878 quam
1034 813 1211 865 viridis,
1240 832 1262 859 e
1283 815 1514 859 contrario
1531 832 1638 860 cum

409 882 721 945 descriptione
749 883 851 926 Lin.
875 883 921 926 in
952 880 1017 926 Fl.
1045 880 1171 925 Suec.
1203 881 1378 943 optime
1405 881 1638 944 congruit.

342 968 410 1033 (8)
464 968 652 1014 trivialis
703 969 742 1014 4.
789 969 948 1032 (manu
988 985 1168 1031 propr.;
1205 977 1473 1031 posteaque,
1513 967 1640 1014 velut

410 1035 457 1080 in
511 1034 827 1087 antecedente,
876 1052 901 1080 a
947 1035 1040 1078 Sin.
1077 1032 1340 1096 additumz)
1384 1034 1497 1096 riqlut
1525 1033 1637 1096 Stip.

410 1099 640 1146 lanceolata
675 1109 811 1145 acuta.

476 1177 541 1221 De
596 1177 681 1220 hoc
735 1176 889 1220 onmia
943 1174 1104 1220 eadem
1148 1192 1199 1220 ac
1244 1175 1301 1220 de
1336 1175 1641 1222 antecedente

410 1242 597 1295 valent„
623 1250 816 1304 excepto
851 1240 1004 1287 colore
1047 1239 1292 1304 paniculae‚
1336 1242 1416 1305 qui
1463 1242 1511 1287 in
1550 1259 1641 1287 uno

405 1309 660 1372 specimine
717 1309 943 1353 violaceus
995 1316 1076 1360 est,
1130 1307 1180 1352 in
1228 1306 1372 1352 altero
1412 1325 1520 1354 vero
1555 1307 1640 1353 fla-

409 1393 432 1420 V
437 1391 603 1421 eSCQUS.

340 1464 410 1528 (9)
462 1464 552 1509 Poa
603 1460 882 1525 anqustifolia
926 1460 1007 1524 (m.
1046 1478 1224 1526 propr‚;
1263 1471 1400 1525 atque
1435 1479 1458 1508 a
1498 1479 1638 1509 manu

405 1529 551 1574 aliena
565 1531 593 1592 ε)
630 1530 718 1574 Poa
754 1526 929 1590 spiculis
963 1528 1111 1579 ovatis,
1157 1530 1417 1589 compressis,
1455 1531 1638 1577 muticis.

402 1594 589 1658 flosculis
649 1594 915 1655 lanuqinosis
951 1623 1015 1628 --
1051 1593 1185 1655 Stirp.
1241 1593 1368 1640 Sibir.
1432 1595 1510 1638 N:o
1570 1594 1636 1639 46.

404 1661 447 1724 (a
484 1659 684 1705 Smiihio
714 1660 905 1704 deinum
937 1660 1153 1704 additum
1166 1660 1198 1722 :)
1222 1659 1393 1722 flosculi
1417 1658 1518 1720 pilis
1549 1660 1640 1705 basi

406 1727 599 1776 conneaei,
635 1735 682 1769 ut
718 1727 762 1770 in
800 1726 848 1770 P.
886 1727 1077 1785 pratensi
1120 1734 1155 1769 et
1192 1724 1360 1770 triviali
1391 1754 1443 1760 —
1478 1725 1636 1787 ylumoe

404 1800 570 1838 costatoe
606 1820 670 1826 —-
706 1790 867 1852 stipula
902 1790 1041 1835 brevis
1077 1791 1321 1852 pratensis?

472 1869 666 1931 Optime
718 1884 823 1913 cuin
880 1867 928 1911 P.
981 1866 1255 1929 anqustisolae'a
1311 1867 1353 1912 L.
1401 1866 1465 1913 Fl.
1512 1867 1633 1914 Suec.

404 1935 638 1986 convenit,
692 1950 840 1997 neque
897 1949 1005 1977 vero
1057 1931 1152 1977 ullo
1200 1933 1338 1978 modo
1382 1951 1403 1978 a
1444 1933 1493 1978 P.
1529 1950 1636 1996 pra-

403 2001 521 2046 tensi
575 2001 728 2046 Auctt.
782 1999 1005 2060 distingui
1065 2008 1227 2061 potest,
1289 2002 1419 2062 cujus
1474 1998 1633 2044 faciem

405 2075 546 2112 totam
587 2074 633 2111 et
669 2065 954 2111 characteres
991 2081 1150 2109 omnes
1199 2063 1347 2110 habet.
1400 2065 1536 2122 Quod
1577 2063 1635 2110 ad

403 2149 571 2177 nomen
626 2132 779 2195 ipsum
836 2132 1019 2183 attinet,
1075 2130 1180 2176 solia
1241 2131 1318 2175 vix
1371 2131 1633 2194 angustiora

404 2207 516 2243 sunt
553 2215 693 2262 quam
733 2198 780 2242 in
820 2197 922 2242 Poae
962 2206 1080 2258 prat.
1121 2198 1265 2242 forma
1308 2196 1502 2259 vulgari,
1541 2198 1569 2242 i.
1594 2213 1632 2242 e.

402 2263 558 2309 culmo
612 2264 704 2309 sere
756 2263 901 2326 duplo
947 2263 1132 2316 latiora3
1168 2261 1362 2324 spieulae
1399 2263 1633 2325 pleraeque

401 2329 703 2392 quadriflorae
739 2329 932 2393 quidem
973 2337 1095 2377 sunt,
1132 2327 1314 2373 &Horae
1347 2336 1502 2372 tamen
1537 2344 1629 2373 non

400 2396 593 2440 omnino
628 2395 813 2448 desunt,
849 2395 973 2458 qnod
1015 2396 1061 2439 in
1098 2393 1410 2455 descriptione
1442 2393 1632 2438 Linnae-

400 2477 482 2506 ana
531 2478 621 2506 non
667 2469 1070 2510 commemoratur,
1116 2459 1192 2504 sed
1231 2460 1281 2504 P.
1319 2459 1513 2520 pratensi
1547 2459 1631 2504 Re-

399 2535 504 2573 cenc.
545 2526 664 2572 haud
715 2534 950 2589 repugnat,
996 2541 1100 2588 qnae
1145 2533 1188 2570 et
1229 2523 1550 2588 anquscifoliam
1584 2532 1630 2570 et

400 2601 641 2655 pratensem
676 2593 860 2638 Linnaei
899 2589 1242 2654 complectitur.
