1742 3016
1268 139 1361 186 143

211 258 253 303 V.
283 267 485 303 montana
514 256 728 311 habetur,
760 254 1002 302 referenda
1030 263 1113 309 est,
1133 252 1212 300 sed
1233 251 1431 298 omnino

209 335 279 371 est
324 325 368 373 V.
413 326 613 387 staqnina
657 325 746 370 Kit.
817 323 903 368 Est
938 323 1066 368 enim
1107 320 1200 367 fere
1237 318 1432 385 pedalis,

211 401 305 439 tota
343 392 517 455 glabra,
557 391 681 437 foliis
709 390 936 452 elongatis
963 387 1320 446 (biuncialibus‚
1355 387 1433 432 vix

208 461 517 506 semiunciam
558 458 702 515 latis),
748 456 846 502 basi
883 457 930 502 in
973 455 1077 502 aliis
1117 464 1344 510 truncata,
1383 454 1433 499 in

210 527 314 573 aliis
365 528 415 572 in
476 525 703 590 petiolum
766 523 1183 577 semidecni·re11te,
1245 520 1436 585 stipulis

211 593 497 647 lanceolatis‚
552 590 857 638 inferioribus
902 590 1076 654 petiolo
1122 588 1435 643 brevioribus,

210 671 374 722 argute
415 660 637 715 dentatis,
684 657 1006 723 superioribus
1043 656 1219 721 petiolo
1255 655 1436 718 longio-

211 727 356 783 ribus,
410 726 841 790 subintegerrimis5
894 725 1072 771 calcare
1123 723 1436 788 appendicem

209 794 410 859 calycin.
448 803 710 858 superante.
762 794 941 857 Itaque,
968 793 1006 839 si
1037 792 1122 838 hoc
1151 790 1251 837 loco
1278 799 1439 836 aucto-

211 863 325 908 ritas
363 861 456 907 nlla
493 863 555 908 sit
591 861 811 908 herbario
839 860 1107 916 tribuenda,
1137 858 1186 905 id
1208 875 1316 904 cum
1337 858 1440 922 opi-

213 930 355 976 nione
405 930 682 985 Auctorum‚
736 929 926 993 scriptis
979 927 1165 974 Linnaei
1220 926 1334 981 nisa,
1388 941 1440 971 eo

216 996 356 1043 modo
394 997 692 1061 potissimum
733 996 1028 1050 conciliatur,
1068 1003 1119 1040 ut
1158 993 1203 1040 V.
1241 1001 1442 1038 montana

214 1064 468 1110 Linnaeana
517 1065 720 1110 formam
767 1073 1031 1126 utramque,
1069 1071 1115 1108 et
1151 1060 1301 1117 illam,
1339 1076 1443 1124 quae

215 1140 416 1177 montana
459 1148 584 1177 sensu
623 1132 797 1182 Recent„
835 1139 881 1175 et
918 1130 1066 1183 illam,
1105 1145 1208 1193 quae
1243 1128 1443 1190 staqnina

220 1199 317 1251 Kic„
356 1200 508 1263 specie
546 1199 759 1245 nondum
799 1198 1063 1252 distinctas,
1101 1194 1317 1260 amplexa
1348 1211 1444 1241 esse

221 1265 459 1312 habeatur.

658 1383 868 1390 ----

567 1490 697 1536 GYN
707 1489 789 1536 AN
796 1489 958 1535 DRIA.

95 1580 232 1631 1054,
270 1580 449 1626 Oncms.

154 1669 266 1736 (12).
294 1669 470 1732 latifolia
507 1669 555 1713 M
593 1669 758 1730 (manu
797 1668 987 1732 propn).

285 1737 531 1796 Quantum
577 1737 626 1782 in
669 1736 928 1800 specimine
964 1736 1085 1780 sicco
1126 1734 1285 1781 videre
1321 1733 1446 1788 licet,

220 1804 318 1851 haec
354 1803 549 1868 quidem
588 1812 716 1850 certo
750 1804 876 1849 inter
913 1802 1085 1848 formas
1122 1812 1204 1858 est,
1233 1818 1346 1866 quas
1371 1818 1448 1846 va-

225 1873 314 1918 rias
368 1871 585 1935 amplexa
640 1881 710 1917 est
754 1869 803 1917 O.
848 1869 1023 1932 latifolia
1063 1870 1166 1921 Lm,
1203 1886 1299 1915 non
1341 1885 1449 1914 vero

226 1937 307 1984 illa
345 1947 413 1984 est
451 1938 614 1993 forma,
652 1955 756 2002 qnae
793 1940 882 2001 jam
920 1937 1046 2001 apud
1083 1938 1310 1983 Auctores
1343 1935 1449 2000 plu-

229 2006 372 2051 rimos
407 2007 468 2067 (v.
504 2022 541 2051 c.
581 2006 814 2052 Friesium
843 2006 893 2050 in
924 2005 1067 2050 Mant.
1096 2004 1183 2056 ΙΙΙ,
1212 2002 1450 2050 Kochium

227 2073 276 2118 in
329 2072 526 2136 Synops.
581 2071 806 2136 aliosque)
860 2088 944 2136 pro
994 2088 1097 2117 vera
1140 2080 1188 2117 et
1224 2071 1450 2135 primaria

224 2138 405 2202 latifolia
441 2148 507 2184 est
546 2138 770 2190 stabilita,
807 2148 853 2184 et
889 2155 992 2202 quae
1026 2137 1076 2185 O.
1111 2137 1282 2201 majalis
1315 2137 1452 2184 Reich.

225 2208 436 2253 Praesens
482 2207 612 2252 enim
650 2205 798 2252 »foliis
834 2224 856 2252 a
894 2205 993 2252 basi
1029 2205 1227 2252 dilatata
1264 2214 1452 2252 attenu-

227 2275 330 2330 atis,
359 2274 483 2337 spica
513 2273 820 2319 condensata»
848 2274 942 2335 (Fr.
972 2274 1114 2320 Mant.
1143 2274 1230 2329 III,
1259 2290 1302 2338 p.
1339 2273 1453 2330 1303

227 2340 355 2388 color
392 2340 562 2387 florum
603 2358 695 2386 non
732 2340 936 2386 discerni
968 2341 1154 2406 potest),
1183 2349 1324 2405 atque
1343 2340 1454 2386 cha-

232 2407 490 2454 racteribus
525 2409 692 2454 ceteris
727 2407 950 2454 omnibus
988 2417 1178 2473 totoque
1208 2407 1372 2454 habitu
1401 2405 1452 2453 Ο.

226 2475 513 2539 anqustifoliae
569 2476 751 2527 Wimm„
805 2484 874 2521 est
927 2475 1076 2523 forma
1124 2475 1262 2542 hujus
1307 2477 1455 2540 major

233 2541 451 2606 foliisque
496 2541 758 2598 latioribus,
804 2559 908 2606 quae
951 2541 990 2589 Ο
1038 2544 1261 2589 incarnata
1293 2560 1322 2588 a
1356 2541 1456 2586 lati-

225 2607 332 2670 folia
380 2609 448 2655 Fr.
492 2608 517 2654 l.
560 2628 607 2668 c.,
650 2627 672 2655 a
713 2611 987 2674 specimine,
1024 2612 1075 2656 in
1113 2609 1256 2656 Herb.
1293 2608 1456 2655 Norm.
