1742 3016
344 175 410 222 98

478 284 602 329 Huic
655 299 841 345 quoque
887 282 1067 326 fructus
1113 287 1327 324 maturus
1367 276 1512 333 deest,
1550 295 1637 323 nec

411 350 569 395 omnia
626 347 744 393 bene
795 349 845 393 in
891 348 1063 392 siccato
1111 345 1263 390 videri
1303 351 1518 406 possunt3
1553 343 1635 388 sed

409 413 543 460 caule
578 415 744 459 striato
779 411 1205 474 magnitudineque
1238 410 1411 454 eximia
1446 408 1637 454 videtur

410 480 470 525 ad
515 480 588 524 Th.
630 479 874 543 sleoeuosum
918 478 1084 523 Auctor.
1130 477 1294 521 Recent.
1334 475 1635 537 potissimum

410 545 650 602 accedere3
687 554 850 590 utrum
890 552 1049 588 tamen
1088 560 1136 587 re
1177 557 1282 587 vera
1318 539 1416 585 haec
1443 540 1505 585 sit
1533 555 1638 602 spe-

410 612 517 664 cies,
554 627 612 655 an
651 611 795 655 minus
820 625 1003 662 verum,
1033 609 1082 653 in
1117 607 1275 653 medio
1304 605 1636 668 relinquimus.

410 675 614 722 Nullum
651 675 784 721 adest
819 676 868 720 in
909 673 1130 719 herbario
1164 673 1419 735 specimen,
1456 671 1530 716 cui
1569 669 1639 715 lo-

411 758 491 787 cus
536 743 804 805 adscriptus
847 749 916 785 est
951 741 1202 802 quisquam
1240 738 1451 783 scanicus
1488 736 1640 781 hahu-

411 809 651 862 siensiswz,
691 824 776 852 nec
811 805 1117 851 Kiunekune.
1189 805 1321 849 Inter
1353 819 1462 848 vero
1489 801 1640 865 speci-

411 874 557 928 mina,
603 889 707 936 quae
744 872 816 918 Th.
851 870 1036 933 simplem
1070 869 1416 923 inscribuntur,
1453 877 1500 913 et
1535 882 1642 930 quae

412 940 573 984 omnia
629 955 737 984 cum
792 936 976 997 simplici
1026 937 1190 981 Recent.
1233 935 1431 979 omnino
1467 949 1641 979 conve-

413 1005 568 1056 niunt,
606 1005 687 1049 uni
725 1003 979 1064 adscripsit
1017 1002 1241 1045 Linnaeus
1281 999 1435 1044 iocum
1468 999 1640 1044 Weaeio-

410 1070 507 1120 nitu
551 1078 598 1113 et
644 1068 730 1112 hoc
768 1067 965 1112 forsitan
1004 1067 1149 1127 igitur
1185 1074 1254 1110 est
1292 1064 1457 1109 formae
1490 1063 1638 1116 illius,

411 1151 553 1196 quam
593 1135 805 1196 primum
842 1133 892 1176 in
930 1131 1000 1176 Fl.
1036 1131 1162 1175 Suec.
1193 1129 1264 1175 ed.
1296 1130 1318 1175 1
1351 1128 1439 1174 snb
1470 1145 1514 1174 n.
1542 1127 1644 1173 454

411 1199 592 1253 retulit,
639 1208 685 1244 et
730 1201 861 1262 cnjus
897 1198 946 1242 in
987 1197 1035 1241 it.
1073 1195 1200 1242 Gotl.
1239 1212 1282 1257 p.
1322 1194 1418 1240 180
1451 1210 1640 1258 quoque

415 1266 709 1310 mentionem
741 1263 865 1317 facit,
898 1261 1008 1308 licet
1035 1263 1086 1306 in
1117 1260 1247 1306 herb.
1268 1277 1371 1305 eam
1394 1277 1488 1305 non
1511 1261 1644 1323 prius

413 1331 682 1384 inseruerit,
737 1346 879 1392 quam
932 1327 1168 1388 simplicem
1222 1329 1311 1390 jam
1359 1342 1445 1389 pro
1488 1326 1643 1389 specie

412 1396 599 1441 diversa
638 1396 914 1456 agnovisset.
981 1394 1230 1451 (Ceterum
1267 1392 1327 1437 de
1363 1391 1643 1455 specimini-

412 1461 501 1506 bus
548 1460 755 1506 herbarii
801 1460 874 1505 Th.
912 1459 1050 1520 simpl.
1089 1459 1348 1504 nominatis
1389 1457 1496 1503 vide
1533 1473 1643 1520 par-

412 1536 510 1572 tem
548 1526 688 1589 hujus
724 1526 1100 1572 enumerationis
1137 1523 1384 1585 alteram).

770 1807 1150 1853 DIDYNAMIA.

277 1919 390 1965 721.
426 1919 592 1965 AJUGA.

344 2006 414 2070 (2)
450 2005 484 2050 A
491 2006 603 2067 juqa
640 2003 790 2065 alpina
825 2001 990 2066 (manu
1027 2002 1204 2065 propr.)

477 2079 796 2142 Descriptioni
852 2079 902 2124 in
948 2079 1093 2123 Mant.
1151 2079 1172 2123 1
1223 2095 1266 2141 p.
1300 2076 1497 2123 8011011
1534 2077 1643 2141 qui-

412 2147 523 2192 dem
570 2153 815 2209 repugnat,
860 2161 954 2189 non
997 2152 1157 2189 autem
1192 2153 1263 2189 est
1298 2146 1347 2189 A.
1384 2143 1531 2205 alpina
1568 2143 1641 2188 Fr.

414 2212 457 2258 S.
505 2213 599 2274 Veq.
641 2210 812 2264 Scand„
857 2210 939 2256 sed
978 2209 1024 2255 A.
1061 2209 1213 2271 alpina
1239 2239 1292 2245 —
1315 2228 1350 2254 α,
1386 2209 1532 2254 elatior
1569 2208 1641 2255 Fr.

412 2279 519 2323 Νου.
564 2294 644 2324 seu
681 2277 925 2339 qenevensis
960 2275 1080 2321 Auct.
1115 2284 1235 2322 ceter.
1271 2274 1440 2321 Suecor.
1476 2282 1641 2328 recent„

413 2343 564 2388 forma
616 2352 804 2388 tantum
844 2341 1024 2394 villosa,
1063 2340 1216 2405 qualis
1254 2340 1351 2386 haec
1386 2341 1437 2385 in
1474 2339 1641 2385 Scania

415 2408 604 2471 legitur.

346 2505 427 2617 (3)Ι
455 2505 703 2568 9εηευεηεί3
745 2509 915 2561 (manu
962 2520 1135 2567 propr„
1179 2520 1311 2567 aeque
1355 2520 1408 2549 ac
1449 2503 1639 2565 signum

429 2576 600 2628 nomez)
629 2582 663 2620 5.
