1742 3016
1317 166 1410 213 109

230 274 484 319 manifesto
540 273 847 337 pertinentia,
910 272 1086 337 quibus
1140 275 1268 321 idem
1323 276 1471 322 etiam

231 358 407 386 nomen
445 341 672 385 Linnaeus
708 340 984 402 adscripsit3
1016 341 1116 386 haec
1147 358 1258 387 vero
1283 359 1472 406 quoque

228 417 342 453 sunt
387 416 598 459 externa,
643 423 791 468 quum
835 407 915 451 uni
954 405 1112 451 locuni
1155 409 1294 469 Hisp„
1331 409 1471 455 alteri

230 490 405 519 nomen
441 472 661 534 Jacqainii
686 473 786 534 (qui
820 473 970 533 misit)
997 472 1319 536 adscripserit.
1356 477 1471 539 Spe-

228 542 386 585 cimen
442 540 603 601 itaque
659 537 851 582 nullum
897 548 1026 583 certo
1072 542 1470 588 scandinavicum

233 606 369 668 hujus
408 604 584 668 plantae
621 604 671 649 in
711 603 933 649 herbario
970 605 1117 651 adest.

93 694 207 740 837.
246 695 504 739 Enysmun.

163 769 232 835 (2)
270 770 490 815 Barbarea
525 770 556 814 Ξ
593 769 676 832 (m.
717 769 908 833 propr.).

244 835 539 882 ''³Omnibus
579 836 702 881 notis
739 853 847 881 cum
882 838 928 881 E.
961 836 1178 882 Barbaresz
1205 856 1314 884 -οι
1350 839 1476 885 Lirin.

233 903 296 948 Fl.
331 901 450 949 Saea.
479 903 661 966 optime
690 904 933 958 convenit,
968 919 1052 948 nec
1076 905 1235 950 minus
1255 904 1316 950 ob
1338 905 1477 951 flores

231 985 527 1034 permagnos,
568 968 864 1031 pedunculos
902 978 1134 1033 patentes,
1173 970 1340 1016 lobum
1380 981 1477 1017 ter—

231 1035 463 1082 minalem
523 1035 749 1081 foliorum
804 1037 1016 1081 imorum
1079 1037 1476 1083 cordato-rotun-

232 1103 367 1157 dum,
415 1102 714 1164 formamque
762 1101 987 1147 foliorum
1025 1111 1297 1149 ceterorum
1335 1114 1477 1168 atque

235 1178 390 1215 totum
432 1167 651 1213 habitum
690 1168 919 1213 Barbareoe
959 1168 1134 1229 valqari
1172 1170 1288 1215 Auel.
1319 1169 1478 1217 Scand.

234 1243 399 1289 recent„
454 1251 558 1297 quae
601 1243 628 1290 ,Θ
673 1233 883 1280 Walelenb.
921 1233 987 1279 Fl.
1024 1233 1143 1281 Suec.
1178 1245 1217 1281 et
1255 1237 1330 1282 Fr.
1370 1238 1478 1283 Nov.

235 1302 297 1347 ecl.
334 1303 377 1352 2,
417 1301 685 1364 respondet.

304 1366 447 1415 Nulla
487 1366 577 1412 alia
617 1366 768 1412 forma
809 1367 900 1412 hue
938 1368 1200 1430 pertinens,
1245 1386 1332 1414 nec
1369 1368 1482 1424 ulla,

237 1452 342 1499 quae
385 1443 409 1490 β
456 1435 684 1497 inscripta
732 1435 809 1488 sit,
848 1435 897 1479 in
937 1433 1158 1480 herbario
1195 1445 1481 1481 asservatur.

171 1501 242 1567 (5)
280 1499 585 1562 lze'eracisoliztm
623 1506 709 1557 (m.
747 1507 944 1563 propin).

308 1568 524 1614 Omnino
560 1576 630 1612 est
666 1567 716 1611 E.
744 1566 1050 1627 lzz'eracisolz'um
1079 1567 1199 1613 Aucc.
1228 1565 1386 1612 Scand.
1418 1584 1484 1612 re-

238 1643 358 1686 cent„
399 1633 550 1678 forma
593 1631 810 1693 vulgaris,
841 1632 1047 1687 robusta,
1079 1632 1347 1688 densiffilia,
1379 1650 1485 1696 quae

239 1702 365 1761 Erys.
403 1700 600 1744 strictum
637 1699 762 1744 Koch.
801 1698 905 1760 Syn.
944 1699 1005 1744 ed.
1042 1701 1087 1750 9,
1125 1708 1172 1744 et
1208 1702 1341 1765 cujus
1377 1717 1483 1763 spe-

238 1768 399 1812 cimen
436 1765 532 1811 Cel.
569 1766 778 1811 Friesius
816 1767 864 1811 in
906 1764 1048 1812 Herb.
1085 1766 1250 1812 Norm.
1289 1766 1409 1812 VIII
1439 1783 1484 1811 n.

244 1832 309 1878 20
345 1831 583 1878 exhibuit.

175 1899 249 1965 (6)
285 1898 466 1961 Sisymb.
513 1897 824 1961 hieracisolz'um
865 1904 954 1958 (m.
992 1916 1153 1962 propr.
1190 1898 1338 1944 simul
1374 1916 1486 1944 cum

243 1967 423 2028 signo.)
459 1968 493 2010 C
530 1964 749 2027 (Plagula
788 1975 858 2010 est
897 1967 1046 2028 priori
1083 1965 1260 2023 affixa).

233 2030 241 2033 ”
313 2032 427 2087 Hoc,
464 2031 620 2095 quoad
659 2032 811 2086 flores,
852 2031 978 2086 folia,
1019 2031 1407 2093 magnitudinem
1442 2039 1489 2076 et

247 2097 469 2144 habitum
524 2098 707 2161 optime
759 2115 870 2143 cum
925 2099 1052 2159 Erys.
1096 2097 1322 2160 hieracisol.
1369 2098 1489 2142 Aucc.

245 2164 401 2211 Scand.
431 2180 510 2210 rec.
542 2164 692 2210 forma
723 2163 986 2226 graciliore,
1010 2164 1223 2228 simplici
1243 2165 1490 2218 convenit,

250 2248 355 2296 quae
375 2231 656 2278 Cheiramhus
674 2230 847 2293 alpinus
862 2229 950 2277 Sm.
972 2240 1009 2276 et
1030 2231 1246 2278 Wahlenb.
1267 2231 1307 2276 F
1305 2230 1332 2277 l.
1352 2231 1490 2293 Lapp.

113 2321 228 2370 839.
264 2322 602 2368 CHE1RANTHUS.

186 2399 254 2465 (i)
292 2399 582 2461 Erysimoicles
621 2399 643 2442 4
679 2397 760 2460 (m.
803 2397 998 2462 propr.).

322 2466 645 2529 Descriptioni
683 2467 734 2510 in
774 2464 843 2510 Fl.
882 2465 1012 2510 Suec.
1041 2463 1114 2509 ed.
1145 2463 1176 2509 2
1205 2461 1264 2508 ad
1286 2478 1494 2524 unguem

255 2532 527 2596 respondet,
581 2533 645 2578 ita
695 2541 745 2577 ut
789 2533 1031 2595 specimen
1076 2548 1173 2576 esse
1210 2531 1369 2594 ipsum
1409 2545 1497 2590 pu-

1332 2595 1363 2640 8
