1742 3016
1293 171 1386 216 103

78 289 189 337 737.
230 290 466 335 ΒΑι,ι,οτΑ.

147 356 215 420 (1)
252 354 423 401 Ballota
458 352 588 414 niqra
624 349 790 413 (manu
832 365 1012 412 propr.;
1050 357 1156 412 post
1193 346 1319 412 quod
1358 347 1456 393 Sm-

215 421 449 482 addidit:)
486 420 537 464 B.
578 416 774 480 vulqaris
813 413 932 460 Linlc.

284 489 359 534 Ex
405 483 644 531 omnibus?
669 481 886 546 partibus
923 489 994 526 est
1031 481 1083 526 Β.
1119 479 1335 526 ‹ruderalis
1369 479 1458 526 Sw.

218 563 254 600 et
292 554 410 598 Auct.
447 549 601 596 Scand.
641 551 846 594 omnium.

150 619 221 685 (2)
259 621 304 665 B.
358 618 451 664 alba
506 617 527 660 4
580 615 747 679 (manu
795 631 968 678 propr.‚
1013 622 1156 676 atque
1199 615 1247 659 in
1288 614 1457 677 pagina

217 684 416 749 plugulae
469 681 660 745 altera:)
716 682 770 727 H.
824 681 923 743 Ups.
969 680 1068 735 462,
1114 681 1157 724 Z).
1203 680 1459 743 (Smithius

216 750 447 814 addiditz)
490 750 718 795 rarissima
755 777 817 782 --—
855 747 972 793 hodie
1013 747 1217 808 deperita,
1254 747 1306 792 D.
1345 745 1461 807 (Do-

219 818 430 879 miuus'x')
470 815 676 878 Aszelius.

282 884 524 931 Numerus
575 884 623 929 Β.
678 884 850 946 niqram
895 881 1018 943 Spec.
1064 879 1129 926 Pl.
1167 888 1362 943 spectat,
1400 896 1458 924 ex

215 969 309 1015 quo
346 950 568 996 concludi
610 959 780 1014 potest,
816 949 1071 994 Linnaeum
1114 947 1343 1010 primitus
1374 946 1462 991 hoc

217 1019 457 1082 specimen
498 1017 557 1062 ad
596 1019 768 1080 myram
804 1015 924 1078 Spec.
947 1013 1032 1062 ,Fl.
1068 1013 1130 1060 ed.
1169 1016 1191 1058 4
1222 1012 1459 1067 retulisse,

217 1094 265 1130 et
303 1094 418 1130 tuuc
456 1101 715 1129 numerum
743 1082 902 1129 solum
930 1079 1250 1144 adscripsisse,
1282 1079 1461 1125 deinde

222 1168 334 1197 vero
372 1150 499 1196 idem
541 1167 626 1214 pro
661 1150 754 1196 alba
791 1149 912 1212 Spec.
949 1148 1013 1194 Pl.
1049 1148 1111 1193 ed.
1138 1149 1170 1191 Ξ
1199 1147 1460 1209 agnovisse,

219 1227 266 1263 et
316 1227 430 1263 tunc
459 1217 671 1280 *demum
723 1233 899 1262 nomen
945 1213 1204 1268 addidisse,
1243 1229 1462 1268 numero,

219 1294 272 1330 ut
310 1293 594 1339 mutaretur,
632 1282 859 1345 neglecto,
890 1291 1032 1344 atque
1060 1280 1206 1342 igitur
1237 1279 1319 1324 has
1345 1279 1463 1324 duas

221 1352 398 1414 species
435 1351 738 1396 diversarum
778 1349 1065 1403 editionum,
1095 1346 1276 1392 nullam
1309 1347 1347 1391 si
1379 1346 1464 1391 ha-

220 1417 416 1463 beamus
454 1417 690 1463 ratiouem
731 1416 885 1462 Florae
921 1416 1063 1468 Suec„
1105 1415 1184 1459 vix
1216 1412 1357 1458 fuisse
1386 1412 1463 1457 di-

223 1500 395 1539 versas,
434 1483 485 1528 id
522 1483 648 1546 quod
690 1485 780 1546 jam
813 1481 889 1527 Ill.
922 1482 1132 1527 Friesius
1160 1481 1209 1525 in
1241 1479 1361 1525 Nov.
1391 1478 1465 1525 ed.

220 1549 264 1596 2.
320 1568 363 1614 p.
408 1549 500 1595 195
545 1549 723 1604 docuit,
761 1550 844 1612 qui
882 1550 933 1594 B.
971 1549 1146 1610 myram
1182 1546 1261 1608 Sp.
1299 1533 1368 1591 Pl?
1403 1545 1466 1591 ed.

223 1619 245 1661 4
281 1617 487 1663 sormam
525 1632 622 1661 esse
659 1632 868 1679 opacam,
904 1613 1045 1660 albam
1082 1622 1244 1658 autem
1288 1611 1363 1673 Sp.
1400 1611 1467 1657 Pl.

222 1684 286 1730 ecl.
322 1685 354 1728 2
392 1683 595 1728 formam
635 1681 943 1746 pallidiorem
984 1681 1126 1725 unius
1162 1679 1350 1742 speciei,
1387 1695 1467 1724 seu

222 1751 273 1796 B.
325 1750 483 1812 soetidoe
537 1750 705 1794 Recent.
751 1749 885 1803 dicit,
933 1746 1098 1794 eodem
1145 1745 1291 1791 modo
1327 1762 1380 1790 ac
1416 1746 1468 1790 B.

223 1819 401 1879 ‘niqram
436 1823 474 1861 et
510 1815 651 1861 albam
687 1814 755 1862 Fl.
793 1814 926 1870 Saea,
964 1813 1178 1876 ejusdem
1219 1829 1331 1857 vero
1365 1812 1469 1857 edi-

227 1885 386 1938 tionis,
442 1883 618 1928 formas
673 1881 817 1928 habet
863 1882 1005 1927 unius
1047 1880 1235 1943 speciei,
1273 1896 1306 1924 s.
1343 1879 1470 1923 rude-

224 1950 331 1996 ralz's
367 1951 486 2001 Rec.;
522 1966 581 1994 an
623 1966 734 1995 vero
771 1948 1086 2011 haec‘opiuio,
1115 1948 1152 1991 si
1186 1962 1280 1990 non
1311 1945 1468 1990 locum

224 2017 381 2063 solum
420 2018 469 2061 iu
510 2016 581 2062 Fl.
617 2017 746 2061 Suec.
785 2015 872 2061 sub
909 2016 959 2060 B.
995 2013 1091 2058 alba
1118 2014 1286 2057 datum
1319 2012 1470 2075 respi-

226 2085 421 2137 ciamus,
476 2083 657 2145 optima
711 2083 774 2128 sit
830 2091 877 2127 et
931 2080 1194 2126 rectissima
1242 2095 1326 2123 uos
1372 2095 1469 2123 uon

228 2165 479 2214 possumus
515 2148 795 2214 dijudicare,
835 2148 1101 2211 praesertim
1131 2162 1281 2208 quum
1315 2145 1470 2190 videri

228 2225 447 2281 nequeat,
489 2223 651 2260 utrum
691 2215 750 2260 de
788 2215 915 2278 Spec.
952 2212 1038 2268 Pl„
1076 2222 1130 2258 ut
1159 2211 1291 2265 solet,
1320 2228 1378 2256 an
1411 2211 1470 2257 de

229 2283 300 2330 Fl.
328 2284 456 2329 Suec.
486 2298 660 2327 nomeu
682 2282 961 2345 speciminis
982 2279 1296 2344 praecedentis
1316 2279 1470 2342 (num.

233 2351 280 2415 l)
317 2352 379 2395 sit
416 2358 648 2394 sumtum.

297 2417 547 2480 Specimen
591 2415 726 2478 hujus
763 2414 851 2460 loci
891 2414 1092 2460 omniuo
1129 2421 1200 2458 est
1236 2414 1287 2458 B.
1321 2411 1471 2474 soeticla

230 2485 410 2534 Recent„
438 2482 607 2546 qualiS,
635 2499 744 2528 cum
773 2480 968 2527 saburra
998 2478 1155 2526 navali
1178 2479 1473 2530 introducta,

231 2550 375 2596 hodie
428 2549 575 2596 etiam
631 2566 779 2614 prope
825 2557 991 2613 portus
1036 2547 1219 2610 aliquot
1264 2546 1471 2591 suet-icus

236 2616 422 2678 legitur.
