1742 3016
1307 177 1372 224 95

199 284 408 331 herbarii
446 286 760 341 conveniunt,
791 287 881 331 nisi
911 286 1039 361 quod
1071 286 1218 334 caulis
1245 287 1438 334 »foliis

195 352 524 416 petiolisve
569 351 838 397 brevior»
883 353 1087 398 minime
1133 356 1281 416 possit
1317 354 1436 411 dici3

197 418 366 464 melius
404 426 580 472 autem,
623 417 695 462 vel
734 418 797 462 ita
831 416 950 463 bene
978 435 1088 462 cum
1118 419 1436 483 subacauliSp.

194 484 262 531 Pl.
298 484 361 529 ed.
396 485 440 534 9,
477 486 609 546 cujus
645 483 905 545 descriptio
941 501 998 528 ex
1038 482 1205 546 inagna
1236 487 1434 548 quidem

195 559 329 614 parte
365 550 530 595 eadem
569 557 639 594 est
676 566 728 594 ac
763 550 814 594 in
853 549 967 594 edit.
1004 552 1041 605 1,
1072 550 1326 597 manifesto
1366 561 1436 598 ta-

193 633 306 661 men
334 614 614 670 emendata,
652 612 965 669 conveniunt,
1006 625 1057 660 ut
1095 615 1233 662 sicile
1270 618 1436 664 crede-

194 699 282 735 res,
335 681 434 727 haec
487 683 584 744 ipsa
632 682 893 744 specimina
941 681 1008 727 ihi
1046 699 1144 728 esse
1181 683 1436 747 descripta.

190 747 288 793 Nec
326 748 434 792 talis
471 748 635 810 opinio
672 764 728 793 ex
767 764 821 793 eo
861 747 1064 802 tollitur,
1102 749 1232 811 quod
1264 767 1435 795 nume-

184 831 270 859 rus
307 813 363 858 ad
406 815 482 877 Sp.
522 813 588 858 Pl.
625 813 699 859 ed.
741 816 782 868 1,
821 830 994 859 nomen
1034 824 1194 860 antem
1230 816 1288 861 ad
1321 815 1434 862 edit.

187 879 219 924 2
256 881 507 943 pertineat,
545 879 628 925 sed
666 881 825 943 potius
851 881 1189 938 confirmatum
1220 890 1273 926 ut
1300 883 1434 927 enim

187 963 246 992 ex
301 946 458 992 colore
506 947 756 1009 pigmenti,
804 946 932 1009 quod
971 947 1157 1002 dicunt,
1196 957 1338 1011 atque
1375 965 1433 994 ex

186 1012 298 1058 stilo
344 1013 460 1075 ipso,
509 1012 669 1076 paullo
706 1013 912 1064 diverso,
951 1022 1163 1076 ⁴ipparet,
1203 1031 1433 1060 nulnelns

190 1078 280 1123 fuit
326 1081 539 1142 piimum
577 1079 862 1142 adscriptus,
900 1080 1094 1124 acaulem
1130 1080 1227 1125 edit.
1267 1081 1290 1124 Ἰ
1327 1097 1434 1156 spe-

188 1154 336 1198 ctans,
395 1162 569 1190 nomen
631 1162 740 1190 veto
782 1145 1024 1190 εαὸαοααίιε
1061 1148 1224 1200 serius,
1267 1147 1434 1193 verisi—

190 1210 305 1256 mile
358 1227 508 1274 quum
556 1211 740 1256 edeandi
779 1221 898 1256 esset
935 1212 1050 1256 edit,
1088 1211 1132 1267 2,
1175 1211 1249 1258 vel
1286 1214 1433 1258 etiam

191 1286 298 1340 post
334 1295 435 1322 eam
475 1278 671 1330 editam,
710 1277 951 1322 additum.

256 1345 297 1389 A
338 1344 482 1406 figura
521 1343 647 1406 apud
686 1342 844 1389 Gmel.
884 1343 978 1388 Sib.
1017 1344 1091 1389 III
1120 1344 1183 1390 36
1211 1343 1255 1398 b,
1287 1361 1433 1408 quam

188 1410 239 1455 in
279 1410 424 1455 Mant.
464 1427 505 1473 p.
544 1411 657 1462 400,
693 1412 920 1473 cujusque
961 1426 1134 1455 nomen
1174 1412 1224 1455 in
1255 1411 1331 1474 Sp.
1361 1411 1431 1456 Pl.

187 1475 261 1521 ed.
313 1479 351 1531 1,
398 1477 625 1521 Linnaeus
675 1475 769 1520 huc
807 1474 966 1530 refert,
1006 1475 1170 1539 planta
1207 1478 1258 1522 in
1300 1477 1430 1522 herb.

185 1551 438 1592 asservata,
492 1541 552 1587 ad
609 1542 812 1586 formam
871 1540 1096 1587 foliorum
1140 1551 1187 1588 et
1223 1552 1433 1588 serratu—

189 1624 308 1660 ram,
346 1609 546 1652 omnino
585 1607 762 1652 differt.
1306 1628 1326 1641 ·

255 1673 377 1718 Cum
426 1672 673 1736 speciebus
714 1673 977 1718 recentiore
1017 1681 1232 1736 tempore
1270 1671 1430 1717 deter-

188 1740 385 1784 minatis
416 1739 619 1784 formam
655 1739 776 1783 hanc
795 1740 1108 1784 Linnaeanam
1130 1740 1428 1801 comparanti

188 1822 299 1850 mox
356 1815 497 1868 patet,
553 1822 656 1850 eam
701 1823 723 1849 a
764 1804 930 1850 formis
968 1804 1195 1849 omnibns
1233 1805 1432 1850 Scandi-

187 1872 369 1916 navicis
410 1871 549 1916 valde
586 1870 794 1922 differre,
836 1888 921 1915 nec
957 1872 1086 1916 inter
1123 1870 1231 1916 illas
1273 1872 1431 1915 minus

185 1954 209 1982 a
258 1928 334 1982 Pf
355 1939 523 1982 cinerea
562 1936 654 1981 Vill.
693 1954 771 1981 seu
810 1938 981 1986 incana,
1018 1937 1075 1981 ad
1115 1954 1258 1999 (lnam
1299 1953 1431 1981 com-

187 2002 349 2065 plures
385 2002 653 2048 subacaulem
701 2003 823 2047 Linn.
876 2003 1161 2048 retulerunt.
1236 2001 1308 2047 Ab
1347 2001 1427 2046 illa

186 2070 319 2114 enim
365 2069 670 2129 „dignoscitur
725 2070 876 2131 scapis
939 2068 1047 2113 nni—
1105 2067 1178 2112 vel
1233 2067 1431 2120 bissoris,

187 2135 387 2180 floribus
410 2134 564 2179 multo
589 2134 860 2196 majoribus,
882 2133 1043 2196 calyce
1065 2133 1211 2178 dense
1233 2135 1430 2178 incano—

186 2200 391 2256 stellato,
448 2199 574 2245 foliis
639 2201 864 2246 omnibus
922 2201 1134 2253 ternatis,
1189 2217 1299 2244 cnm
1348 2217 1430 2263 pe-

188 2266 317 2313 tiolis
363 2267 646 2312 densissime
700 2265 1214 2318 stellato-tomentosis,
1253 2265 1430 2310 foliolis

187 2334 410 2379 coriaceis
464 2333 690 2385 cuneatis,
746 2332 806 2377 de
871 2341 1027 2377 cetero
1089 2333 1428 2392 integerrimis,

187 2400 320 2461 apice
377 2415 487 2445 vero
534 2397 703 2443 obtuso
748 2406 1031 2442 truncatove
1069 2396 1123 2441 3-
1160 2397 1430 2442 6-dentato.

186 2466 406 2523 Quorum
471 2464 565 2509 fere
630 2463 755 2509 nihil
827 2465 878 2508 in
943 2463 1291 2526 speciminibus
1362 2464 1430 2506 vi-

188 2531 350 2575 dimus
396 2531 770 2586 scandinavicis3
827 2530 878 2574 in
924 2530 1210 2589 germanicis
1252 2537 1428 2578 autem,

170 2597 386 2641 ‘nomine
431 2599 606 2641 cinereae
660 2596 879 2658 acceptiS,
938 2594 1087 2640 fornia
1139 2593 1298 2638 saltim
1361 2592 1428 2636 fo-
