1742 3016
305 155 398 202 192

363 277 545 325 quoque
585 261 763 306 Linnaei
800 262 1009 307 additum
1048 263 1154 325 esu)
1189 261 1442 324 Astraqalus
1474 262 1590 308 caule

366 327 492 378 nudo,
526 326 569 391 fl
607 329 853 388 purpureis·

430 392 548 438 Cum
594 393 739 438 deser.
783 394 830 438 iu
874 394 949 456 Sp.
988 393 1051 438 Pl.
1087 395 1154 439 ed.
1192 393 1223 438 2
1258 394 1490 444 convenit,
1524 403 1590 438 at-

365 476 455 523 que
493 468 608 503 teste
644 459 840 504 smithio
880 461 926 504 in
967 459 1096 521 [ingl.
1135 460 1236 505 Boi.
1274 477 1318 505 n.
1355 458 1470 510 466,
1517 476 1591 504 ve-

367 540 446 570 rus
486 524 671 570 videtur
706 541 798 571 esse
835 526 882 569 A.
919 525 1141 576 walensis,
1180 543 1286 571 cum
1325 525 1592 588 specimini-

365 591 451 636 bus
493 590 719 652 europaeis
762 590 919 652 Ooeytr.
957 591 1135 642 Halleri,
1172 591 1296 654 quod
1333 590 1390 636 ad
1429 592 1589 635 chau-a-

363 666 506 702 oteres
563 657 730 700 attinet
792 658 936 719 magis
989 659 1266 711 essentiales,
1319 673 1589 718 congruens,

362 723 579 786 quamvis
632 721 777 766 forma
832 724 890 767 sit
934 724 1134 768 maxime
1172 723 1428 776 luxurians,
1463 723 1589 768 omni

364 805 422 833 ex
461 796 592 851 parte
632 789 772 850 major
807 797 851 832 et
890 787 1130 834 robustior.

297 863 366 928 (8)
402 863 612 909 walensis
663 863 803 909 J.E.S.
855 865 1016 926 (manu
1055 865 1266 920 Smithii3
1311 883 1370 910 m.
1409 865 1588 910 Linnaei

363 931 542 992 siguum
582 928 759 994 modoz)
795 937 829 988 ᾖ
865 931 1005 993 (quod
1046 931 1189 975 alium
1237 930 1403 984 locum,
1442 931 1591 976 nescio

364 1004 516 1040 tamen
554 1012 708 1058 quem,
751 995 1002 1040 verisimile
1038 996 1298 1058 significat).

428 1059 735 1105 Antecedeuti
780 1061 836 1106 de
879 1070 1027 1106 cetero
1062 1060 1301 1105 simillima
1339 1061 1590 1123 eademque

367 1126 548 1171 videtur
595 1125 752 1175 forma,
795 1126 873 1172 sed
909 1127 1032 1189 spica
1072 1126 1271 1180 densior,
1311 1125 1463 1172 foliola
1504 1127 1592 1171 mi-

364 1208 469 1237 nora
508 1191 742 1255 magisque
778 1191 950 1254 glabra.
1246 1244 1257 1251 ,

291 1269 361 1333 (9)
398 1267 606 1313 walensis
660 1268 740 1331 (m.
796 1285 950 1331 propr.
993 1285 1124 1331 aeque
1168 1286 1218 1314 ac
1263 1285 1402 1332 prope
1442 1285 1586 1314 unum

359 1334 589 1398 specimen
604 1335 636 1396 :)
672 1332 824 1378 Gouan
859 1336 922 1398 (et
960 1351 1101 1398 prope
1136 1334 1334 1379 alterum
1348 1337 1377 1398 :)
1417 1335 1541 1396 Hope.

426 1400 625 1446 Nomina
679 1401 771 1444 duo
822 1401 1051 1463 adscripta
1110 1400 1448 1453 Boiauicorun„
1506 1400 1589 1464 qui

357 1465 607 1529 specimina
649 1466 887 1517 miseruut,
927 1467 1020 1511 haec
1056 1483 1149 1511 esse
1184 1483 1388 1529 europaeu
1421 1475 1588 1511 testau-

360 1541 449 1583 tur,
502 1531 702 1577 alterum
756 1533 890 1578 etiam
939 1532 1173 1584 scoticum,
1219 1533 1267 1577 id
1305 1533 1427 1595 quod
1466 1531 1586 1576 dicta

358 1596 549 1642 Smitbii
602 1597 650 1642 iu
706 1597 839 1659 Eugl.
886 1598 936 1642 B.
985 1599 1009 1643 Ι.
1046 1615 1081 1643 c.
1118 1597 1364 1643 affirmant.
1436 1597 1587 1643 Ambo

363 1679 469 1707 vero
515 1663 684 1715 minus,
727 1680 866 1726 quam
912 1663 1053 1725 figura
1103 1663 1275 1725 plantae
1311 1664 1490 1708 scoticae
1537 1664 1584 1707 iu

357 1728 410 1774 E.
465 1729 531 1780 Β.,
583 1744 688 1773 cum
736 1728 1058 1773 scandinavica
1107 1728 1262 1790 planta
1310 1737 1584 1790 congruunt,

356 1809 459 1856 quae
495 1792 651 1855 Ooeytr.
688 1795 937 1855 campestris
976 1810 1064 1838 var.
1095 1793 1266 1838 sordida
1291 1793 1410 1838 Auct.
1439 1793 1586 1845 suec„-

356 1859 678 1923 quamobrem‚
713 1877 859 1922 quum
897 1858 1126 1921 legumina
1164 1860 1431 1904 examinare
1462 1858 1583 1903 haud

356 1924 551 1981 licuerit,
587 1925 798 1971 decidere
828 1925 949 1971 haud
979 1926 1134 1977 audeo,
1166 1934 1322 1970 utrum
1345 1924 1402 1970 ad
1424 1924 1580 1986 Ooeytr.

355 1990 530 2044 Halleri‚
568 2009 625 2037 au
659 1991 716 2037 ad
745 2009 880 2054 camp.
900 1991 1113 2036 sordidam
1135 1991 1414 2054 pertineant,
1442 2007 1582 2054 quam

355 2056 414 2102 ad
453 2057 643 2103 sormam
685 2066 929 2122 utramque
968 2057 1109 2119 figura
1147 2057 1176 2102 l.
1215 2074 1250 2104 c.
1289 2057 1346 2102 ab
1374 2056 1474 2102 aliis
1501 2073 1583 2102 au-

353 2123 559 2168 ctoribus
595 2123 731 2169 aliter
765 2126 903 2169 citata
942 2132 1023 2168 est.

223 2222 332 2267 930.
370 2221 640 2268 Tau-omum.

286 2298 355 2362 (1)
390 2297 586 2359 officinale
614 2298 641 2340 4
670 2298 749 2360 (m.
772 2315 938 2362 propr„
958 2298 1135 2362 atquez)
1160 2298 1192 2342 V
1210 2297 1345 2360 (forte
1378 2297 1582 2342 variet.

353 2364 642 2426 significans).

418 2429 535 2474 Cum
592 2429 694 2491 Tris.
740 2429 836 2490 (M.)
879 2427 1072 2488 officinali
1111 2437 1136 2484 β
1172 2427 1247 2490 Sp.
1286 2428 1350 2474 Pl.
1389 2430 1580 2474 omniuo

351 2496 582 2546 convenit,
621 2511 702 2540 uec
742 2496 896 2539 minus
931 2495 1106 2556 optima
1145 2502 1212 2538 est
1249 2494 1459 2540 Melilocus
1486 2493 1579 2539 alba

353 2561 469 2606 Auca.
507 2569 653 2605 recem.
