1742 3016
1309 138 1396 184 131

176 247 275 311 (10)
313 264 534 293 murorum
587 247 641 292 45
691 246 774 310 (m.
821 263 998 310 propr.;
1044 256 1148 311 post
1182 247 1307 312 quod
1344 249 1469 295 Smi-

245 314 374 361 thius
424 315 655 379 addiditz)
705 322 731 369 β
777 313 840 358 Fl.
877 312 998 360 Suec.
1035 314 1095 360 ed.
1133 316 1165 361 2
1198 315 1345 380 (quod
1385 316 1471 362 hoc

246 381 344 428 loco
396 399 584 429 summo
629 384 727 447 jure
772 381 1038 444 appositum
1081 382 1284 438 videtur,
1320 384 1468 447 speei-

244 450 373 496 mine
425 467 533 495 cum
588 465 698 493 mur.
742 455 768 503 β
804 447 829 492 l.
866 465 900 492 c.
937 456 973 492 ει
1011 446 1084 510 Sp.
1122 449 1184 494 Pl.
1222 451 1253 497 2
1287 451 1467 514 optime

241 516 586 580 conveniente).

307 582 544 629 Omnibus
580 600 636 628 ex
676 580 890 646 partibus
929 590 1116 645 totaque
1155 582 1270 630 facie
1306 593 1374 631 est
1413 586 1466 632 H.

242 666 460 695 murorum
516 666 606 696 var.
651 649 904 712 sylvaticum
949 648 1070 695 Aucc.
1116 651 1256 697 scand.
1306 661 1467 706 recent„

236 735 266 762 c.
307 733 342 762 v.
382 717 452 762 Fr.
490 718 595 762 Νου.
632 717 694 762 ed.
729 718 774 766 2,
811 733 850 779 p.
885 712 980 763 257
1015 725 1052 761 et
1087 716 1228 778 Symb.
1265 719 1321 764 ad
1358 719 1466 764 Hisc.

242 785 354 829 Hier.
391 801 429 846 p.
469 785 561 836 409,
599 794 724 848 atque
764 785 929 830 Hartm.
969 784 1035 830 Fl.
1071 784 1224 831 Scand.
1261 786 1321 832 ed.
1358 785 1398 831 5.

171 872 274 935 (11)
311 874 557 920 Hier-acium
594 891 750 920 muror.
782 873 881 937 folio
910 873 1171 936 pe'losz'ssimo.
1216 876 1299 922 CB.
1344 874 1467 921 Gme-

237 939 309 986 lin.
361 943 524 1003 (manu
578 943 778 996 Liuuaei,
832 942 912 987 sed
971 943 1017 987 in
1066 944 1233 1006 pagina
1271 942 1468 1006 plagulae

242 1007 435 1071 posticam
473 1009 799 1073 quamobrem,
840 1010 1032 1054 nomine
1064 1009 1341 1056 nulloinfra
1363 1029 1468 1075 spe-

237 1076 392 1121 cimen
431 1077 684 1141 adscripto,
721 1076 979 1122 admodum
1023 1078 1260 1123 incertum
1297 1087 1379 1133 est,
1408 1097 1467 1124 an

242 1143 327 1188 hoc
363 1145 602 1207 specimen
645 1161 727 1208 pro
764 1144 954 1189 Hieracii
980 1160 1138 1188 maror.
1172 1144 1320 1190 forma
1349 1147 1466 1191 Lin-

241 1227 366 1256 uaeus
405 1210 646 1268 habuerit3
685 1210 865 1275 plagula
895 1220 976 1263 est,
1008 1211 1127 1257 forte
1157 1213 1463 1276 comparandi

239 1286 427 1322 tantum
464 1279 626 1341 gratia,
666 1279 812 1342 priori
855 1278 1024 1342 affixa).

304 1357 461 1412 Parvi,
508 1374 654 1421 quum
699 1357 936 1420 specimen
976 1358 1214 1403 incertum
1251 1358 1326 1413 sit,
1367 1375 1466 1404 mo-

241 1426 389 1470 menti
428 1433 497 1470 est
533 1424 712 1478 afferre,
750 1423 808 1469 ad
845 1441 985 1488 quam
1026 1425 1288 1487 specierum
1317 1427 1465 1489 perti-

240 1500 346 1536 neat
366 1493 705 1548 recentiorum5
735 1490 935 1538 sufficiat
965 1493 1122 1555 itaque
1141 1491 1312 1547 dicere,
1334 1492 1463 1538 idem

240 1559 437 1604 minime
483 1576 590 1604 cum
638 1558 784 1604 forma
827 1560 876 1604 H.
913 1575 1086 1608 muror„
1123 1576 1226 1623 quae
1264 1560 1314 1605 H.
1353 1576 1464 1606 mur.

237 1625 553 1687 pilosissimum‚
589 1626 858 1677 convenire,
896 1625 953 1670 ad
993 1643 1135 1689 quam
1175 1625 1269 1672 Cel.
1307 1627 1383 1672 Fr.
1413 1628 1463 1673 iu

235 1692 475 1755 Symholis
502 1709 807 1756 synonymon
839 1693 1058 1747 Bauhini‚
1086 1710 1224 1757 supra
1247 1694 1462 1748 citatum,

235 1758 422 1817 retuli[;
475 1759 555 1805 sed
610 1760 859 1805 evidenter
913 1777 1008 1806 esse
1053 1778 1162 1806 cum
1210 1761 1374 1807 formis
1411 1763 1462 1807 H.

237 1826 400 1889 vulqciti
456 1827 525 1872 Fr.
579 1826 605 1872 l.
649 1846 681 1873 c.
728 1826 942 1873 latifoliis
987 1828 1377 1892 comparandum,
1416 1839 1462 1875 et

233 1893 429 1957 quidem
488 1896 697 1940 maxime
749 1894 808 1939 ad
867 1896 1139 1940 varietatem
1196 1912 1462 1941 ‘nemorosum

235 1961 464 2006 accedere.

169 2048 272 2112 (13)
306 2048 558 2112 paludosum
595 2050 673 2115 (m.
705 2068 883 2114 propr.;
911 2051 1005 2096 Sm.
1034 2050 1327 2117 adscripsit:)
1353 2051 1460 2098 lam-

229 2117 456 2179 psanoides
490 2115 652 2164 Gouan.
692 2117 825 2162 Illust.

303 2195 421 2240 Tam
485 2195 616 2241 caule
680 2195 895 2259 foliisque
958 2194 1457 2259 pubescenti-villosis,

231 2278 374 2326 quam
430 2264 597 2308 ceteris
652 2265 774 2308 notis
819 2282 841 2308 a
892 2263 943 2307 H.
980 2262 1176 2324 paludoso
1210 2262 1284 2326 Sp.
1325 2263 1384 2310 Pl.
1420 2274 1457 2310 et

231 2329 351 2376 Auct.
388 2339 537 2375 recent.
574 2329 750 2384 differt,
787 2333 917 2394 cujus
947 2330 994 2374 ἰιι
1026 2329 1210 2394 plagula
1241 2333 1457 2395 proxime

232 2398 387 2462 priore
443 2396 593 2459 (num.
652 2397 730 2454 123
790 2414 829 2443 v,
886 2397 977 2463 huj.
1025 2399 1197 2443 Enum.
1236 2408 1352 2462 part.
1390 2399 1457 2463 II)

230 2465 468 2529 specimen
490 2474 757 2511 asservatur
786 2481 948 2510 verum
971 2473 1017 2509 et
1036 2466 1288 2529 optimum.
1331 2467 1456 2512 Prae-

234 2548 338 2577 sens
374 2541 547 2587 autem,
584 2542 815 2596 quantum
855 2532 1074 2596 equidem
1119 2533 1269 2588 video,
1311 2534 1455 2597 potis-

233 2598 408 2643 simum
445 2608 513 2646 est
548 2601 737 2663 species,
775 2616 912 2663 supra
942 2600 1097 2654 citata,
1125 2600 1182 2645 ad
1211 2617 1351 2662 quam
1384 2617 1454 2645 re-
