1742 3016
371 150 462 197 112

433 260 534 304 sime
570 258 839 304 denticulata.
875 276 931 304 (ιη
966 259 1037 304 hoc
1065 258 1184 320 apud
1210 267 1248 304 te
1278 259 1524 321 Εν3]3ι”τηιιπι
1541 259 1653 306 chei-

431 324 702 369 vantlzoides?
740 353 799 359 —
839 324 1088 386 (Sinitliius
1116 324 1313 387 (lenique
1342 341 1485 390 prope
1505 326 1652 388 prima

431 390 523 435 duo
550 390 799 452 specimina
828 391 1048 453 sciipsit:)
1077 389 1247 451 alpinus
1276 391 1440 453 (prope
1461 392 1653 436 tertium

438 472 561 500 veio·
555 456 582 512 .)
617 456 918 518 erysimoides?

498 521 610 567 Heio
664 521 807 582 igitur
852 522 898 566 in
945 538 1030 566 una
1071 520 1250 584 plagula
1290 522 1374 566 tria
1413 537 1655 567 asservan-

433 596 506 631 tur
543 588 810 650 specimina,
845 603 961 650 quae,
996 586 1104 632 licet
1139 587 1294 632 omnia
1333 587 1553 632 Linnaeus
1580 602 1656 631 eo-

430 652 537 697 dem
575 653 898 716 complectitur
936 655 1134 706 nomine,
1170 653 1316 714 alpino
1343 669 1376 697 s.
1403 652 1658 714 hieracisolio

430 719 552 780 (quae
589 720 775 764 nomina
806 718 890 763 hoc
918 718 1014 763 loco
1042 719 1350 782 synonyniice
1378 718 1436 763 ab
1466 717 1546 763 illo
1573 717 1657 763 ad-

432 783 577 829 hibita
620 785 869 846 videntur),
905 784 1027 828 inter
1063 800 1121 835 se,
1153 794 1200 829 ut
1229 784 1414 829 nomina
1447 783 1658 829 indicant

431 852 518 909 jam
556 867 578 894 a
608 851 808 896 Smithio
834 849 1078 911 adscripta,
1105 848 1347 894 dissimilia
1377 859 1497 895 sunt.
1544 847 1656 894 Mihi

430 925 586 960 autem
643 916 792 966 aliter,
844 932 893 959 ac
946 914 1159 965 Smithio,
1204 916 1283 977 qui
1329 915 1468 960 ambo
1506 915 1656 978 prima

430 981 668 1039 conjunxit
715 981 997 1040 tertiumque
1042 979 1287 1052 sepaiavit3
1326 981 1443 1025 inter
1477 996 1525 1024 se
1559 979 1655 1025 dif-

434 1046 551 1089 sem:
610 1046 839 1090 videntur.
909 1044 1171 1088 Secundum
1217 1045 1342 1089 enim
1380 1053 1424 1090 et
1461 1046 1656 1090 tertium

433 1110 581 1155 nihilo
615 1110 707 1156 alio
744 1111 864 1155 inter
900 1118 944 1155 se
980 1109 1158 1155 (liveisa
1197 1119 1318 1161 suut,
1350 1127 1496 1185 quain
1524 1109 1660 1163 foliis,

430 1193 532 1238 qnae
585 1176 634 1221 in
689 1175 767 1220 illo
812 1174 1086 1220 sublinearia
1133 1175 1443 1237 integerrima,
1486 1176 1533 1222 in
1574 1176 1661 1222 hoc

432 1242 692 1294 lanceolata,
729 1241 1027 1293 denticulata
1065 1240 1178 1285 dum
1217 1241 1355 1287 ambo
1391 1258 1660 1287 communes

433 1306 607 1353 habent
658 1307 849 1370 siliquas
904 1316 1172 1369 tetragonaS,
1216 1309 1495 1370 pedunculis
1537 1306 1660 1353 mul·

432 1374 565 1418 toties
620 1374 854 1434 longiores,
899 1383 1035 1436 atque
1080 1371 1213 1418 ssores
1260 1390 1423 1436 parvos
1458 1373 1660 1438 (magni-

432 1438 592 1484 tudine
630 1439 796 1484 ssorum
830 1438 1095 1501 hieraeisolii)
1122 1438 1290 1501 quibus
1322 1440 1430 1502 ipsis
1453 1457 1475 1484 a
1509 1440 1661 1503 primo

431 1506 682 1567 specimine
717 1504 957 1558 differunt,
993 1504 1118 1567 qnod
1151 1504 1339 1550 floribus
1368 1504 1534 1567 gaudet
1556 1522 1658 1568 per-

435 1570 608 1631 magnis
645 1570 849 1632 ejusdem
891 1571 1219 1630 magnitudinis
1254 1589 1306 1616 ac
1343 1572 1391 1616 in
1429 1587 1556 1616 num.
1587 1569 1658 1633 (1)

438 1635 571 1697 liujus
608 1635 816 1686 Generis,
857 1635 959 1679 licet
995 1634 1054 1679 ob
1093 1635 1196 1679 folia
1237 1636 1377 1697 magis
1405 1635 1461 1680 ad
1494 1651 1659 1680 secun-

431 1700 558 1752 dnm,
593 1717 732 1763 quam
771 1700 826 1744 ad
869 1701 1055 1744 tertium
1096 1700 1230 1762 hujus
1270 1700 1464 1763 plagulae
1509 1701 1660 1763 speci-

435 1783 536 1810 men
589 1766 784 1811 accedat.
855 1766 1099 1827 Specimen
1155 1767 1295 1826 igitur
1351 1766 1485 1812 hocce
1539 1766 1660 1828 (pri-

434 1831 586 1894 mum)
633 1831 793 1876 eadem
830 1840 898 1874 est
938 1831 1096 1882 forma.
1133 1849 1183 1876 ac
1220 1849 1266 1876 ea
1304 1848 1408 1895 quae
1444 1832 1489 1876 in
1529 1849 1655 1877 num.

432 1897 499 1961 (2)
538 1897 669 1959 liujus
694 1897 908 1941 Generis
944 1897 1029 1942 sub
1067 1898 1254 1942 nomine
1291 1897 1529 1958 erysimoid.
1569 1897 1659 1942 Lin.

434 1972 477 2007 et
515 1962 648 2024 alpia.
688 1962 774 2008 Sm.
804 1972 1085 2015 asservatum
1113 1964 1366 2026 specimina
1392 1972 1546 2008 autem
1566 1962 1660 2008 duo

435 2028 622 2091 reliqua,
657 2030 741 2075 etsi
780 2029 931 2091 quoad
972 2028 1076 2074 folia
1115 2028 1236 2074 inter
1264 2045 1309 2073 se
1337 2029 1516 2075 diversa
1536 2037 1659 2081 sunt,

431 2095 487 2139 ad
543 2096 729 2156 Erysim.
783 2094 1006 2156 ln‘eracisol.
1054 2094 1171 2140 Auct.
1207 2093 1360 2140 Scand.
1397 2094 1518 2141 clare
1553 2111 1658 2157 per-

433 2163 594 2205 tinent.

365 2225 604 2287 (6)Cl1e2‘r.
656 2227 929 2288 erysimoides
981 2232 1065 2283 (in.
1121 2243 1285 2290 propr„
1336 2225 1478 2288 atque'
1513 2242 1656 2289 prope

430 2292 662 2353 specimen
719 2294 928 2355 nomenz)
984 2292 1137 2337 Allion.
1183 2292 1294 2355 (Sin.
1344 2300 1441 2354 post
1489 2307 1654 2336 nomen

431 2357 622 2417 spec-ilic.
667 2357 892 2421 addiditz)
939 2357 1048 2419 λαστ]
1096 2358 1172 2403 vim
1217 2358 1340 2402 Linn.
1383 2386 1443 2393 --
1480 2356 1656 2419 alpinus

375 2443 378 2446 ⁴
440 2423 559 2466 Linn.

500 2487 686 2532 llmnile
723 2498 789 2532 ost
825 2488 1055 2551 specimen
1094 2497 1137 2532 et
1166 2487 1516 2549 grandillorum,
1544 2503 1655 2532 ean-

429 2551 533 2597 dem
589 2554 646 2599 ad
701 2554 894 2600 sormam
952 2555 1194 2615 pertinens,
1239 2553 1293 2598 ad
1332 2571 1470 2617 quam
1509 2553 1656 2615 speci-
