1742 3016
1327 156 1388 202 53

222 281 308 328 pro
362 281 414 310 eo
467 265 700 327 scripsit:)
746 263 1055 308 Bononiensis?
1094 265 1163 309 Mr
1201 264 1356 310 Davall
1395 293 1454 301 —

221 332 267 377 C.
305 347 413 375 nova
451 332 607 393 species
645 328 803 378 Pallas,
846 330 896 379 ΙΙ,
938 330 984 374 Β.
1021 330 1068 392 (i.
1098 349 1134 376 ‹·..
1165 331 1454 377 Herbarinm

218 397 445 450 Banksii)

283 476 320 520 A
369 475 526 537 priore
574 472 774 534 ideoque
819 472 961 516 etiam
1003 489 1024 516 a
1068 490 1174 518 vera
1213 475 1255 520 G.
1294 492 1456 537 Ταρπη-

213 540 373 585 culoide
412 539 549 602 plane
585 538 772 583 diversa
813 555 907 583 non
941 539 1084 584 modo
1113 540 1173 584 ob
1203 540 1342 587 ssores
1365 544 1457 587 mi-

215 616 368 659 nutos,
410 605 518 650 folia
549 604 725 650 sessilia
756 604 1131 660 cordato-ovata,
1163 606 1332 652 subtus
1368 608 1456 654 vil-

213 672 306 717 losa
353 672 562 735 aliasque
610 680 743 716 notas
789 670 870 716 sed
916 670 976 716 ol)
1015 681 1164 716 totam
1203 675 1347 718 etiam
1390 674 1456 719 fa-

210 739 348 791 ciem,
395 738 569 801 quibus
614 736 840 783 omnibus
877 737 935 782 ad
974 739 1016 785 C.
1053 738 1344 785 bononiensem
1382 759 1455 786 re-

213 821 319 850 vera
359 806 554 868 propius
590 804 786 850 accedit.

143 902 252 961 (12)
288 903 619 965 rapunculoicles
654 903 733 963 (m.
774 920 955 966 propr.;
993 914 1150 966 postea
1189 922 1211 950 a
1244 906 1338 951 Sm.
1369 906 1454 951 ad-

209 970 366 1015 ditum
383 971 407 1032 z)
445 971 467 1014 P
503 971 663 1033 (atque
702 987 846 1014 manu
884 970 1083 1015 demum
1122 969 1320 1037 alienaz)
1358 990 1455 1036 spe-

209 1039 290 1083 cies
326 1040 468 1082 nova?
503 1037 637 1082 radim
672 1052 824 1099 repens
864 1037 914 1082 D.
951 1034 1000 1081 G.

277 1114 441 1177 Neque
495 1114 595 1160 haec
640 1123 710 1160 est
755 1114 814 1159 ad
862 1115 906 1160 C.
945 1114 1295 1174 rapunczcloz'dem
1332 1116 1453 1162 refe-

214 1181 373 1233 renda,
419 1184 551 1245 cujus
596 1181 793 1244 quidem
842 1180 1008 1225 faciem
1047 1180 1189 1226 habet
1226 1199 1282 1227 ex
1321 1192 1454 1245 parte

210 1248 452 1309 superiore
498 1256 545 1292 et
590 1247 716 1310 quod
764 1247 821 1291 ad
861 1248 999 1292 flores
1037 1249 1224 1301 attinet,
1263 1249 1343 1293 sed
1384 1249 1453 1295 fo-

210 1313 286 1358 liis
332 1313 496 1358 differt
541 1313 766 1359 omnibus
805 1313 1059 1376 1)etiolatiS‚
1097 1313 1453 1361 ovato-lanceo—

212 1379 334 1434 latis,
375 1379 521 1425 nullis
558 1381 775 1426 cordatis.

75 1499 185 1545 242.
242 1502 523 1547 VERBASCUM.

138 1601 217 1657 (1)
254 1599 448 1661 Thapsus
503 1600 524 1643 sl
577 1599 756 1663 (manu
798 1618 973 1664 propr„
1026 1610 1169 1665 atque
1222 1601 1311 1646 sub
1359 1620 1452 1648 uno

207 1667 449 1729 specim.:)
486 1668 652 1728 Monsp.

274 1744 560 1807 Speeimina,
615 1745 702 1790 etsi
760 1761 852 1789 non
899 1745 998 1790 sint
1045 1746 1093 1790 in
1133 1746 1450 1792 Scandinavia

208 1808 342 1865 lecta,
395 1813 595 1856 omnino
641 1819 753 1855 sunt
796 1811 977 1866 eadem,
1015 1821 1062 1857 et
1098 1811 1159 1856 ad
1197 1812 1363 1858 faciem
1405 1822 1452 1858 et

206 1876 266 1921 ad
303 1876 611 1934 characteres,
649 1895 701 1922 ac
737 1876 900 1940 planta
940 1878 1067 1941 apud
1107 1895 1190 1923 nos
1227 1879 1452 1942 frequen-

210 1951 280 1987 ter
334 1942 490 1997 obvia,
555 1961 699 2007 quam
756 1944 844 1990 hoc
901 1946 1096 1990 nomine
1153 1944 1450 1990 intellectam

207 2025 394 2071 semper
437 2009 693 2056 voluerunt
729 2012 959 2057 Auctores
988 2011 1169 2056 Suecici
1198 2020 1303 2074 post
1331 2012 1451 2057 Lin-

209 2091 381 2119 naeum.

139 2160 215 2220 (2)
251 2161 452 2224 lychnitis
487 2165 518 2206 Ξ
553 2164 715 2226 (manu
759 2166 932 2229 propr.)

274 2240 342 2285 De
400 2239 498 2290 hoc,
554 2242 628 2285 cui
686 2252 846 2287 tamen
905 2242 1032 2288 locus
1086 2242 1232 2297 deest,
1287 2244 1447 2288 omnia

205 2305 370 2351 eadem
415 2305 590 2361 valent,
628 2323 733 2370 quae
769 2308 829 2354 de
866 2310 1026 2372 priore
1062 2318 1174 2354 sunt
1213 2309 1353 2354 dicta.

73 2423 182 2469 313.
236 2426 577 2473 C1-112N0120mm1.

139 2511 216 2568 (5)
251 2512 392 2558 album
426 2514 457 2559 5
491 2519 660 2572 (manu
703 2522 885 2579 propr.)
