1742 3016
372 185 464 233 106

435 310 476 339 v.
512 292 718 338 Decand.
751 293 934 348 Prodr„
965 303 1106 357 atque
1134 293 1478 358 speciminibus
1504 296 1662 342 omni-

433 358 521 404 bus
557 360 601 405 C.
629 358 797 420 trifoliae
824 360 944 405 Λυσι.
973 376 1031 404 ex
1060 361 1172 406 Eur.
1202 369 1357 414 austu,
1387 377 1492 423 quae
1511 377 1660 423 quum

432 425 483 469 in
540 424 759 470 herbario
813 425 1081 470 Smithiano
1138 425 1237 470 vidi
1289 435 1335 470 et
1372 428 1660 489 comparavi,

433 499 538 535 tum
575 507 599 535 a
636 491 874 536 Botanicis
908 491 1236 554 compluribus
1264 492 1402 537 missa
1435 491 1660 554 possideo,

432 557 615 619 optime
653 573 856 619 praesens
895 557 1162 620 respondet,
1194 558 1255 602 ita
1289 566 1339 602 ut
1369 556 1559 602 nullum
1588 574 1662 603 re·-

432 630 525 666 stet
569 621 788 677 dubium,
834 623 872 667 si
919 623 1110 685 quando
1149 623 1304 675 fuerit,
1342 624 1459 686 quin
1499 621 1679 685 planta·

431 688 688 733 Liunaeana
727 689 926 733 omuino
961 688 1126 733 eadem
1156 688 1371 733 habenda
1401 690 1464 734 sit
1491 706 1543 733 ac
1571 690 1661 734 Re-

431 755 714 811 c-entiorum.
783 754 921 812 Quod
956 763 1115 798 autem
1145 754 1364 804 dubium,
1395 753 1530 799 nobis
1559 770 1660 799 ma-

434 820 541 882 joris
580 821 827 874 momenti,
865 836 921 864 ex
958 819 1138 865 indicio
1175 821 1223 864 in
1256 820 1443 882 scriptis
1473 820 1659 865 Linnaei

431 885 589 930 citatis
641 894 782 947 atque
836 884 906 930 Fl.
952 886 1112 948 Lapp„
1149 885 1209 931 de
1248 885 1346 930 loco
1384 885 1520 948 hujus
1556 902 1661 948 spe-

431 951 518 995 ciei
557 951 605 995 in
644 950 973 1002 Scandinavia,
1009 960 1167 995 ortum
1198 960 1281 1003 est,
1311 960 1471 995 utrum
1498 968 1658 996 revera

428 1018 490 1060 sit
530 1032 738 1078 unquam
777 1016 902 1077 apud
945 1031 1026 1059 nos
1065 1025 1188 1069 nata,
1226 1033 1284 1060 an
1322 1015 1472 1061 forma
1501 1015 1659 1078 aliqua

430 1080 550 1126 alius
595 1081 765 1142 speciei
812 1097 894 1143 per
930 1097 1139 1125 errorem
1179 1098 1264 1143 pro
1301 1099 1350 1126 ea
1389 1080 1564 1136 habita,
1601 1098 1659 1127 ex

427 1146 647 1192 herbario
688 1145 791 1191 tolli
829 1163 923 1191 nou
963 1155 1130 1209 potest,
1160 1163 1310 1209 quum
1341 1146 1466 1193 locus
1498 1145 1659 1192 nullus

429 1212 499 1258 ibi
535 1212 803 1274 adscriptus
840 1213 915 1265 sit,
943 1213 1025 1274 qui
1055 1213 1304 1267 indicaret,
1328 1230 1386 1257 an
1415 1214 1658 1276 specimen

428 1278 569 1324 hocce
604 1278 994 1323 scandinavicum
1034 1279 1109 1332 sit,
1147 1288 1485 1333 externumne3
1529 1277 1659 1340 quod

428 1345 675 1408 posteriuS‚
723 1343 815 1392 ‚tali
869 1343 1020 1389 forma
1076 1343 1205 1389 nulla
1255 1354 1357 1407 post
1403 1346 1656 1390 Linnaeum

427 1409 554 1473 apud
609 1426 691 1455 nos
746 1410 956 1465 iuventa,
1004 1411 1307 1474 potissimum
1353 1426 1538 1456 censeas
1575 1426 1658 1455 ne-

426 1492 549 1522 cesse
585 1485 668 1522 est.

295 1584 404 1630 836.
442 1586 730 1631 SISYMBRIUM.

359 1671 430 1735 (2)
467 1671 669 1733 sylvestre
715 1671 797 1733 (m.
835 1688 1013 1734 propm
1059 1682 1200 1734 atque
1236 1688 1260 1715 a
1298 1669 1541 1732 Smithio:)
1578 1686 1657 1731 py-

428 1739 647 1782 renale-um
684 1735 795 1782 JES.
832 1764 895 1770 ——
933 1736 1123 1781 Allioni’s
1151 1737 1286 1798 plant.
1341 1736 1413 1798 (In
1445 1745 1655 1798 separata

426 1804 634 1865 denique
671 1801 846 1847 chartae
886 1811 1030 1860 parte,
1070 1801 1266 1864 plagula:
1303 1802 1454 1853 affixa,
1494 1818 1654 1854 manu,

429 1869 536 1922 nisi,
573 1885 658 1913 sec.
686 1868 869 1912 dictum
902 1869 1172 1930 praecedens
1201 1867 1541 1920 Smsthianum,
1571 1866 1655 1911 Al·-

426 1933 562 1978 lionii
620 1932 860 1987 habeatur,
917 1933 1036 1978 mihi
1092 1935 1290 1994 ignota:)
1336 1931 1535 1976 Nondum
1577 1931 1656 1976 cle—

424 2001 584 2060 scripta
639 1999 806 2043 videtur
858 1999 1009 2059 planta
1046 2027 1108 2033 -—
1146 2000 1294 2043 inveni
1346 1994 1461 2040 4755
1504 1998 1552 2044 in
1586 1996 1656 2042 cle-

425 2081 575 2110 scensu
626 2081 682 2110 em
735 2066 879 2110 Furca
931 2073 1066 2109 monte
1119 2065 1166 2108 in
1214 2063 1394 2126 confinia
1435 2060 1659 2107 Gotthardi

427 2130 648 2176 Helvetioe.

495 2198 655 2259 Hujus,
696 2194 806 2241 licet
842 2196 1080 2258 specimen
1122 2211 1215 2240 non
1262 2193 1653 2238 scandinavicum

426 2262 501 2316 sit,
552 2262 637 2306 hoc
684 2261 784 2306 loco
830 2262 1008 2306 mentio
1047 2261 1111 2315 fit,
1151 2277 1243 2305 non
1281 2260 1412 2321 quasi
1449 2257 1652 2302 dubium

428 2326 487 2371 de
514 2325 558 2371 S.
587 2326 785 2387 sylvestri
813 2328 933 2370 λέπη.
963 2326 1226 2388 quidquam
1257 2332 1388 2376 esset,
1409 2323 1488 2367 sed
1512 2321 1653 2367 modo

430 2401 480 2436 ut
534 2392 789 2443 indicetur,
846 2391 957 2435 hnic
1009 2391 1094 2435 soli
1141 2389 1392 2452 specimini
1433 2389 1480 2432 in
1522 2387 1652 2432 herb.

426 2473 599 2502 nomen
647 2456 841 2515 sylvescr.
892 2456 1174 2517 inscriptum
1220 2470 1330 2505 esse,
1370 2452 1653 2514 nullumque

425 2523 570 2584 igitur
627 2538 790 2565 verum
846 2519 890 2565 S.
936 2519 1043 2580 sylv.
1091 2519 1157 2564 ibi
1201 2519 1371 2564 adesse.
1444 2519 1653 2563 Praesens

425 2588 553 2632 enim
600 2587 839 2649 specimen
887 2601 1038 2647 neque
1080 2585 1136 2630 ad
1177 2583 1366 2646 sylvestr.
1409 2600 1557 2645 neque
1593 2582 1649 2627 ud
