1742 3016
1329 167 1392 214 33

213 298 363 345 quum
421 278 636 345 panicula
683 280 744 324 sit
787 277 940 324 laxior
986 287 1031 323 et
1072 281 1228 342 major,
1265 277 1460 343 spiculae

219 347 451 400 3-4ssorae‚
487 346 648 407 ligulae
686 346 792 408 (sec.
829 345 944 408 Sm.)
985 346 1144 407 longae.

150 435 220 500 (4)
272 434 423 499 alpina
466 436 499 482 9
541 437 702 497 (manu
744 449 927 497 prop1·.;
975 451 997 477 a
1035 433 1180 497 Sm.:)
1217 433 1329 496 Stip.
1366 432 1459 479 lan-

216 501 372 548 ceolata
407 510 549 547 acuta.

286 580 349 625 Et
386 578 442 623 ad
484 577 646 623 faciem
686 585 732 622 et
769 575 824 621 ad
872 575 1178 626 characteres,
1223 594 1261 622 c.
1302 593 1338 621 v.
1379 594 1461 641 pa-

216 644 426 692 niculum
464 644 672 699 densam,
711 641 978 696 rubentem,
1011 658 1164 686 ramos
1187 641 1333 695 binos,
1363 645 1461 707 spi-

213 712 340 758 cuias
375 710 469 756 late
507 718 668 756 ovatas
706 709 955 762 4-5ss01·as,
1005 708 1113 753 folia
1152 707 1313 755 brevia
1356 709 1460 762 lata,

213 778 315 824 lxaec
351 778 527 842 optima
567 787 636 823 est
672 777 724 823 P.
761 776 924 839 alpina.

144 867 212 933 (5)
265 866 418 929 alpina
469 868 501 914 2
544 875 570 923 β
614 866 776 928 (manu
827 883 1009 930 propr.;
1045 882 1066 910 a
1106 864 1243 928 Sui-z)
1281 863 1460 927 Stipula

209 933 451 980 lanceolata.
507 933 716 998 (Circum
759 933 844 979 tria
883 932 1199 996 speciminum
1227 931 1460 978 Smithius

208 1002 347 1046 etiam
391 1001 560 1047 lineam
600 1000 756 1051 duxit,
796 999 1015 1063 infraque
1050 999 1286 1062 scripsit:)
1316 998 1459 1044 diver·-

209 1067 287 1114 sa?
325 1067 419 1114 vide
451 1068 635 1130 sormam
671 1066 828 1129 calycis
873 1067 1011 1130 (Quae
1057 1065 1244 1129 specim.
1282 1066 1371 1111 tria
1412 1067 1460 1111 in

211 1134 363 1180 nihilo
419 1137 585 1180 ceteris
640 1144 753 1180 sunt
798 1133 988 1186 similia,
1026 1133 1114 1177 nisi
1155 1131 1282 1195 quod
1321 1134 1459 1196 pani-

209 1201 327 1246 culae
374 1210 485 1247 sunt
544 1201 786 1263 viviparae,
841 1209 1054 1246 ceterum
1107 1215 1215 1244 vero
1255 1200 1460 1245 maxime

209 1267 393 1314 diversa
432 1270 493 1313 ita
536 1277 587 1313 ut
627 1268 704 1313 vix
744 1268 850 1313 Poae
887 1267 1063 1329 species
1095 1263 1305 1311 habenda
1344 1267 1458 1318 sint,

211 1335 291 1381 sed
328 1351 437 1380 casu
475 1333 634 1399 aliquo
670 1352 777 1380 cum
817 1335 1008 1397 specim.
1048 1333 1167 1377 veris
1189 1333 1458 1395 permixta).

279 1412 545 1474 Specimina
585 1421 752 1467 cetera,
789 1412 932 1457 etiam
974 1411 1016 1462 3,
1052 1410 1183 1455 omni
1219 1409 1356 1456 modo
1377 1410 1458 1456 de-

209 1479 456 1543 scriptioni
508 1480 559 1524 P.
604 1479 764 1542 alpinoe
809 1487 835 1535 β
880 1477 946 1523 Fl.
994 1476 1071 1522 Su.
1107 1476 1169 1521 ed.
1208 1477 1250 1523 2.
1286 1494 1458 1523 conve-

211 1546 362 1599 niunt,
413 1555 556 1610 atque
609 1545 830 1610 panicula
878 1554 1013 1591 ovata
1059 1543 1214 1597 densa,
1262 1543 1459 1590 ramulis

209 1611 350 1666 binis,
386 1611 582 1676 spiculis
620 1612 712 1658 late
749 1612 899 1657 ovatis
939 1608 1169 1663 3-5ssori8,
1219 1610 1458 1673 viviparis‚

212 1678 413 1742 probant
450 1679 499 1725 P.
539 1677 733 1741 alpinam
769 1687 795 1735 β
831 1679 927 1724 Lin.
964 1675 1099 1723 nullo
1131 1675 1269 1722 modo
1297 1676 1367 1722 ad.
1406 1677 1457 1722 P.

209 1745 424 1792 bulbosam
480 1747 732 1810 pertinere,
783 1745 862 1791 sed
912 1760 1034 1790 verae
1079 1743 1131 1789 P.
1167 1742 1327 1805 alpinoe
1367 1743 1457 1789 for-

208 1831 335 1859 mam
386 1829 483 1859 esse
532 1813 813 1878 viviparam.

141 1904 214 1971 (6)
267 1903 398 1969 (Sine
451 1904 670 1956 nomine3
726 1918 866 1948 manu
918 1900 1103 1946 Linnaei
1155 1901 1382 1959 tantumt)
1427 1900 1459 1944 2

209 1973 367 2034 (atque
425 1969 594 2032 locusz)
642 1971 778 2030 Lapp.
817 1967 860 2031 (a
901 1965 1037 2029 Sm.:)
1073 1964 1186 2027 Stip.
1226 1964 1458 2011 lanceolata

210 2045 338 2082 acuta
374 2063 436 2070 —-
475 2036 539 2098 (et
577 2037 626 2081 in
663 2037 830 2099 pagina
870 2032 1010 2078 altera
1058 2050 1082 2078 a
1125 2032 1364 2095 Linnaeoz)
1403 2032 1456 2078 D.

208 2103 457 2153 SOLANDER,

275 2181 448 2226 Omnia
487 2179 587 2225 haec
625 2178 809 2224 Linnaei
848 2176 971 2223 dieta
1009 2175 1066 2222 ad
1103 2175 1300 2238 alpinam
1338 2175 1454 2222 refe-

209 2256 336 2299 runt,
373 2246 428 2292 ad
467 2263 610 2310 quam
647 2246 791 2291 etiam
821 2244 1076 2309 specimen,
1103 2243 1259 2308 quoad
1291 2242 1452 2289 faciem

206 2323 252 2360 et
288 2313 596 2366 characteres,
633 2315 828 2358 omnino
864 2312 1078 2375 pertinet.

142 2403 215 2467 (7)
267 2388 456 2448 trivialis
507 2401 536 2445 4
587 2402 749 2465 (manu
796 2401 962 2454 Linn.,
1006 2399 1192 2445 etiamsi
1232 2414 1456 2445 numerus

211 2469 347 2534 hujus
403 2470 449 2514 in
505 2469 581 2532 Sp.
637 2467 704 2515 Pl.
758 2468 828 2513 ed.
878 2467 918 2513 1.
965 2475 1033 2513 est
1069 2466 1113 2520 3,
1151 2483 1235 2512 nec
1271 2465 1324 2521 43
1362 2466 1454 2510 Sm.

211 2536 442 2600 addiditz)
476 2536 593 2598 riqht
629 2565 693 2572 —-
729 2534 840 2597 Stip.
877 2532 1110 2581 lanceolata
1146 2542 1285 2579 acuta.

1291 2611 1319 2654 3
