1742 3016
1286 140 1379 188 145

292 252 469 298 Eadem
517 262 585 298 est
629 269 680 299 ac
723 252 1018 307 antecedens,
1059 251 1252 299 floribus
1286 262 1446 299 autem

226 318 370 366 ssavis.

289 389 364 434 Ex
402 387 474 432 his
502 387 646 448 igitur
675 394 818 449 patet,
848 387 1116 442 Linnaeum,
1146 404 1291 451 quum
1326 396 1445 434 tern-

223 472 335 519 pore
390 454 643 517 posteriore
690 452 810 498 hanc
855 455 1059 516 speciem
1096 473 1119 500 a
1156 455 1335 518 latifolia
1370 456 1445 501 di-

225 524 497 584 stingueret,
536 529 785 583 utramque
823 528 980 566 tamen
1017 524 1113 585 ejus
1151 522 1350 568 formam
1385 521 1444 568 ad

220 589 420 635 eandem
458 589 695 651 pertinere
731 588 935 650 speciem
974 590 1228 651 agnovisse.

92 698 230 746 1056.
269 700 464 744 Opnm-s.

153 778 230 836 (8)
266 776 431 840 lilisolz'a
469 773 497 820 7
541 783 623 835 (in.
664 794 819 841 propr.
857 794 987 842 aeque
1025 795 1075 824 ac
1113 796 1258 843 prope
1293 781 1443 842 speci-

223 851 375 903 menz)
412 845 453 889 [ς’
486 844 689 902 (Kalm.;
726 844 959 890 smithius
996 845 1228 906 addiditz)
1255 846 1444 893 Malaaeis

221 911 307 959 Sw.
346 912 385 957 6.

286 979 457 1026 Procul
494 978 641 1025 dubio
677 996 851 1025 nomen
891 979 1000 1026 huic
1035 998 1057 1025 a
1094 982 1235 1027 Linn.
1265 981 1443 1028 adscri-

219 1057 371 1112 ptum,
409 1047 537 1111 Spvc.
576 1046 643 1092 Pl.
680 1046 751 1092 ed.
795 1049 813 1091 l
855 1057 1083 1110 spectans,
1120 1057 1259 1112 atque
1287 1050 1336 1094 in
1366 1050 1439 1114 Sp.

220 1114 288 1160 Pl.
345 1114 415 1159 ed.
467 1113 496 1159 2
542 1131 727 1178 quoque
771 1113 1060 1166 adhibitum,
1097 1115 1225 1161 idem
1265 1116 1442 1162 haben—

223 1181 339 1228 dum
395 1191 464 1227 est
517 1198 568 1227 ac
614 1198 785 1227 nomen
831 1180 1007 1244 latifolia
1047 1181 1109 1228 Fl.
1145 1182 1278 1235 Suae„
1315 1183 1440 1248 qnod

223 1267 304 1313 per
357 1266 565 1294 errorem
618 1257 774 1293 ortum
829 1258 909 1294 est.
980 1249 1075 1295 Nec
1122 1252 1266 1313 magis
1302 1250 1442 1297 dubi-

224 1316 437 1370 tandum,
485 1317 600 1379 quin
648 1315 807 1379 planta
853 1317 1030 1362 suecica
1070 1316 1211 1363 fuerit
1246 1336 1268 1363 a
1305 1336 1442 1364 cana—

221 1383 356 1429 densi
403 1383 603 1437 diversa,
645 1400 793 1447 quum
831 1382 932 1429 loco
968 1385 1082 1447 ipso,
1120 1386 1169 1430 in
1207 1385 1276 1431 Fl.
1313 1387 1441 1432 Suec.

222 1450 446 1506 indicato,
486 1468 611 1496 nunc
647 1452 789 1495 etiam
828 1453 1054 1515 temporis
1090 1451 1279 1498 Malaaeis
1303 1470 1442 1498 mono-

217 1517 382 1581 phyllos
417 1517 510 1563 sola
545 1520 707 1580 vigeat,
736 1520 865 1583 cujus
888 1520 1124 1582 specimen
1147 1520 1441 1585 diphyllum,

220 1586 417 1631 Linnaeo
459 1594 590 1630 »ante
639 1585 804 1647 viginti
842 1603 988 1631 annos
1025 1595 1302 1641 ostensum»,
1340 1587 1443 1633 fons

219 1662 346 1698 certo
383 1651 474 1697 fuit
509 1652 666 1707 errati,
704 1669 759 1698 ex
789 1670 881 1716 quo
909 1654 1111 1716 speciem
1139 1653 1273 1699 illam
1300 1657 1442 1702 Ame-

223 1721 329 1765 ricae
381 1720 624 1784 propriam
680 1720 804 1765 inter
849 1721 1049 1766 suecicas
1096 1720 1280 1784 plantas
1318 1740 1442 1768 rece-

221 1787 357 1851 perit.
428 1787 636 1832 Praesens
695 1804 802 1832 vero
846 1789 1100 1851 specimen,
1146 1789 1288 1853 quod,
1328 1798 1443 1835 teste

221 1855 413 1900 nomine
450 1854 687 1918 adscripto
724 1853 919 1911 Kalmii,
957 1856 1006 1900 in
1044 1855 1233 1901 Canada
1269 1866 1338 1902 est
1376 1856 1442 1902 le—

220 1930 367 1976 ctum,
421 1920 478 1966 ad
539 1938 695 1966 veram
753 1922 880 1984 Lipar
938 1921 1161 1985 liliisoliam
1205 1925 1442 1987 pertinere

225 1987 427 2043 videtur,
483 1987 671 2051 qualem
716 2006 771 2034 ex
819 1989 1031 2051 Virginia
1076 2006 1177 2035 eam
1217 1990 1442 2053 possideo,

223 2053 418 2100 floribus
472 2056 797 2119 praecipueque
851 2055 1033 2111 labello,
1087 2057 1304 2102 omnium
1360 2075 1442 2103 no-

222 2130 430 2167 sti-arum
466 2120 837 2168 Malaxideai·un1
877 2122 1028 2168 multo
1066 2123 1332 2188 majoribus,
1378 2127 1442 2171 ita

225 2197 276 2234 ut
311 2187 370 2234 ab
405 2187 626 2234 omnibus
663 2189 902 2253 speciebus
935 2190 1280 2238 scandinavicis
1309 2191 1444 2256 longe

222 2255 380 2302 distet.

157 2333 223 2398 (9)
261 2333 432 2380 Loeselii
464 2336 493 2378 8
526 2334 606 2397 (m.
646 2353 802 2399 propr.
837 2353 966 2401 aeque
1001 2355 1053 2384 ac
1089 2339 1137 2384 in
1174 2339 1339 2402 pagina
1375 2339 1444 2385 al-

225 2409 321 2447 tera
336 2405 360 2451 ὃ
394 2400 561 2465 Scopas
597 2419 773 2465 superne
808 2403 1018 2467 5-queter‚
1054 2407 1213 2468 ,πυρίας
1247 2406 1443 2471 5-slorus,

224 2485 307 2513 non
360 2470 476 2516 ultra.
532 2470 752 2535 octiflorus.
824 2472 1003 2518 Braclea
1052 2482 1187 2520 ovata.
1256 2475 1445 2520 Nectarii

225 2533 380 2581 labium.
425 2533 632 2601 maqnum
676 2537 855 2601 planum
896 2540 1181 2606 subt-efleoeam
1216 2542 1441 2604 iateqrum.

231 2602 398 2649 Habitat
441 2604 498 2650 ad
540 2606 799 2668 Norvidsjon
839 2623 968 2670 prope
1015 2607 1232 2670 Templum
1270 2605 1447 2654 Bio'rck-
