1742 3016
1324 129 1417 174 113

254 255 358 284 men
409 236 603 301 plaguiae
639 237 953 283 antecedentis
989 239 1140 301 (nuni.
1177 238 1225 301 5)
1264 239 1486 302 primum,

248 313 387 368 ‘itque
423 305 677 366 specimina
719 305 763 348 in
797 320 926 348 num.
957 303 1028 367 (2)
1061 321 1197 367 snpra
1233 314 1483 350 memorata

248 387 330 437 pei
337 371 498 415 tinent,

180 436 242 481 Pr
245 445 356 481 zeter
391 434 640 498 specimina
672 438 755 496 jam
785 445 1070 488 enumerata,
1096 436 1319 482 nonnulla
1342 437 1401 481 eti
1408 455 1481 482 am

244 502 330 548 alia
388 503 435 546 in
491 500 688 564 plagulis
733 510 956 564 quattuor
1001 502 1302 565 sequentibus
1336 520 1484 548 asser-

247 577 438 620 vantur3
481 584 586 630 qnae
626 576 797 621 tamen,
836 583 958 612 nunc
994 568 1049 612 ad
1092 568 1225 622 lianc,
1262 586 1387 614 nunc
1422 568 1482 615 acl

243 633 371 679 iiiam
411 632 608 678 formam
643 633 940 695 pertinentia,
967 651 1112 696 quum
1144 651 1312 680 nomen
1353 636 1397 679 in
1427 635 1483 680 iis

243 698 426 744 nullum
484 697 604 744 adsit
650 700 833 745 Linnaei
875 716 1017 745 mann
1056 700 1363 763 adscriptum,
1406 701 1481 745 vix

240 765 377 828 digna
416 774 541 819 sunt,
577 781 684 828 quae
720 775 1162 812 commemorentur.

103 873 216 921 842.
254 875 433 921 AnAms.

172 962 243 1029 (4)
277 963 420 1026 lyrata
454 963 486 1008 5
522 965 603 1028 (m.
645 981 797 1028 prxopi
829 980 959 1027 aeque
985 982 1036 1011 ac
1063 963 1214 1010 littera
1229 966 1260 1028 ζ)
1290 965 1335 1010 K
1357 964 1481 1028 (quae

243 1029 418 1094 ubique
457 1032 504 1076 in
543 1030 761 1077 l1e1ba=i0
802 1030 1098 1077 Kalmium
1138 1032 1401 1095 significat).

310 1097 488 1143 Nomen
542 1099 808 1161 appositum
870 1106 1006 1160 atque
1064 1098 1217 1143 littera
1272 1097 1482 1142 indicate

240 1163 431 1226 quidem
483 1164 719 1215 videntur,
767 1163 851 1208 hoc
897 1164 1130 1226 specimen
1174 1180 1269 1209 esse
1306 1182 1327 1207 a
1372 1162 1482 1208 Kal-

244 1230 338 1275 mio
384 1231 545 1275 datum
593 1247 646 1275 ex
695 1229 898 1280 Canatia,
942 1246 1088 1292 eoque,
1128 1230 1272 1276 Flmae
1312 1239 1480 1275 nostrae

244 1297 566 1359 peregrinum3
623 1313 769 1359 neque
822 1305 972 1341 antem
1031 1296 1255 1341 Linnaeus
1308 1296 1354 1340 in
1400 1312 1483 1340 suo

239 1362 439 1425 exempl.
498 1362 605 1407 iibri
659 1363 784 1426 Spec.
835 1362 902 1407 Pi.
947 1362 1016 1407 ed.
1058 1364 1079 1407 1
1124 1362 1243 1408 lianc
1277 1362 1480 1426 speciem

242 1437 348 1474 nota
396 1428 545 1480 solita,
586 1446 673 1492 qua
713 1428 824 1474 alias
861 1445 1022 1474 omnes
1057 1430 1230 1492 species
1267 1430 1314 1473 in
1356 1427 1483 1473 herb.

239 1504 509 1548 asservatas,
562 1494 838 1556 designavit,
891 1512 1039 1558 neque
1089 1511 1288 1557 praesens
1327 1495 1478 1556 ipsum

240 1561 476 1624 specimen
523 1560 579 1605 ad
619 1562 833 1623 speciem,
868 1577 974 1624 quae
1012 1561 1298 1614 inscribitur,
1337 1560 1483 1623 perli-

243 1637 338 1676 net‚
392 1644 537 1689 quum
597 1627 717 1679 tolia,
772 1644 852 1672 nec
908 1628 1066 1671 minus
1115 1625 1348 1678 radicalia,
1385 1627 1482 1671 sint

240 1691 604 1755 stellato-pilosa,
645 1694 839 1738 minime
876 1692 1083 1755 »9lctb1·a»,
1121 1693 1366 1756 omnisque
1404 1693 1484 1737 ha-

243 1758 369 1804 bitus
418 1759 710 1822 potissimum
760 1760 820 1805 sit
864 1759 1097 1821 Sisymbrii
1131 1761 1312 1810 arenosi,
1348 1758 1484 1822 quale

241 1842 377 1889 supra
417 1835 829 1871 commemoratur.
858 1870 861 1873 ,
885 1826 969 1871 Est
998 1842 1180 1889 quoque
1211 1826 1362 1871 Arabis
1389 1842 1483 1870 are—

244 1908 344 1936 nosa
379 1900 403 1947 β
440 1891 615 1936 borealis
653 1895 771 1939 Auce.
812 1891 968 1938 Scancl.
1008 1901 1157 1937 recent.

176 1979 249 2043 (5)
288 1979 442 2026 Arabis
485 1979 658 2040 hispida
704 1982 785 2042 (m.
818 1997 995 2044 propr„
1031 1989 1168 2042 atque
1208 1996 1346 2042 prope
1382 1996 1485 2044 spe-

244 2045 444 2109 ciment)
478 2045 593 2107 Jacq.
632 2047 819 2109 (Smith.
855 2047 1164 2106 observavitz)
1192 2055 1250 2091 est
1279 2045 1484 2105 Sisymln:

245 2128 469 2157 arenosum
503 2111 564 2156 Fl.
594 2111 714 2158 Suec.
745 2130 816 2158 nee
845 2111 920 2173 Sp.
953 2111 1014 2157 Pl.
1035 2141 1095 2147 -—
1119 2111 1239 2174 Scop.
1266 2121 1290 2156 t.
1313 2113 1401 2156 40?
1426 2139 1485 2147 -—

314 2179 411 2223 lloc
454 2178 594 2223 etiam
643 2179 878 2240 specimen
917 2195 1022 2223 casu
1059 2177 1219 2241 aliquo
1257 2196 1338 2242 pro
1379 2195 1486 2224 vero

247 2245 340 2290 huc
379 2245 605 2289 insertum
646 2244 840 2298 videtur,
867 2262 1031 2307 quum,
1064 2253 1114 2288 ut
1144 2247 1227 2306 jam
1259 2245 1487 2290 Smithius

241 2310 443 2364 edocuit,
497 2310 553 2355 ad
608 2310 692 2356 Sis.
747 2327 984 2362 arenosum,
1031 2312 1160 2374 quasi
1203 2310 1488 2363 antecedens,

247 2379 491 2441 pertineat,
546 2394 621 2423 sen
670 2378 825 2423 Arabis
860 2394 1038 2423 arenosa
1081 2386 1107 2434 β
1151 2377 1327 2424 borealis
1371 2378 1487 2423 Auel.

245 2442 400 2490 Scand.
437 2445 509 2490 sit.
