1742 3016
1255 192 1350 240 189

176 316 364 352 nescente
401 307 718 361 conveniunt,
757 304 803 351 id
844 305 970 369 qnod
1013 304 1149 351 facile
1177 322 1231 351 ex
1263 321 1316 350 eo
1342 306 1417 350 in-

178 373 426 436 telligitur,
478 374 605 436 qnod
660 390 682 416 a
731 373 929 417 Linnaeo
974 372 1212 435 descripta
1249 381 1296 418 et
1333 371 1419 417 de-

178 442 303 504 picta
343 442 441 485 sint
477 449 613 484 ante
641 438 684 484 S.
713 447 995 483 canescentem
1024 438 1322 493 distinctam,
1343 438 1418 484 id—

173 525 265 570 qne
320 516 534 570 tempore
589 504 689 558 tali,
742 521 837 567 qno
883 505 973 549 hoc
1016 504 1112 549 fere
1152 522 1419 569 numquam

175 583 270 618 tam
328 572 467 636 plene
522 572 654 616 fieret
701 587 752 615 ac
799 587 928 616 nunc
966 573 1211 634 temperis,
1248 589 1419 635 qnam-

173 639 340 685 obrem
387 637 617 683 facillime
664 637 763 682 (ieri
807 637 980 700 potnit,
1018 646 1065 682 et
1103 637 1191 682 hoc
1231 638 1331 683 loco
1370 656 1419 684 re

176 723 280 750 vera
339 705 517 750 factum
572 713 657 757 est,
715 712 767 748 ut
820 713 955 749 notas
1003 703 1264 749 nonnullas
1300 705 1420 750 Lin-

172 788 299 817 naeus
329 771 548 816 omiserit
589 769 659 815 vel
695 771 854 816 minus
887 771 1167 834 respexerit,
1198 786 1304 834 quae
1334 788 1419 816 no-

167 847 268 884 stro
325 847 541 900 tempore
594 845 642 882 et
687 845 816 900 post
853 836 899 883 S.
937 846 1221 882 canescentem
1257 837 1420 900 cogni-

170 914 266 950 tam
335 905 539 949 minime
591 912 705 949 sunt
769 903 1076 968 negligendae.
1147 905 1284 965 Inter
1338 903 1420 949 has

170 988 453 1017 enumerare
499 969 653 1024 liceat,
702 969 812 1017 folia
857 970 1082 1016 inferiora
1122 971 1282 1016 omnia
1323 988 1419 1016 ser—

171 1039 361 1092 raturis,
404 1037 596 1082 remotis
633 1037 847 1100 quidem,
883 1037 966 1082 sed
1009 1038 1131 1082 veris
1168 1047 1214 1082 et
1241 1038 1418 1083 distin-

171 1105 261 1150 ctis
304 1121 402 1149 esse
451 1112 625 1157 notata,
662 1103 713 1148 id
753 1103 877 1167 qnod
920 1105 1147 1149 Linnaens
1183 1105 1328 1149 etiam
1368 1105 1417 1149 in

171 1170 496 1234 descriptione
516 1170 713 1224 indicat,
735 1188 784 1215 ea
808 1169 883 1214 »le
900 1187 922 1215 v
940 1171 1041 1216 issi
1058 1188 1141 1216 mc
1169 1180 1419 1216 serrata»

171 1237 350 1289 dicens,
387 1236 498 1282 licet
535 1238 583 1282 in
623 1236 835 1298 diagnosi
869 1237 984 1300 ipse,
1013 1246 1155 1300 atque
1185 1237 1300 1283 inde
1321 1237 1419 1283 Cel.

175 1304 383 1349 Friesius
424 1304 492 1364 (in
531 1304 677 1349 Mant.
714 1304 750 1359 Ι,
792 1322 832 1367 p.
865 1303 946 1368 59)
974 1313 1020 1349 et
1050 1304 1324 1350 Andersson
1349 1304 1415 1364 (in

171 1370 260 1416 Sal.
314 1372 463 1434 Lapp.
513 1387 556 1433 p.
602 1370 689 1435 28)
733 1371 899 1416 eadem
949 1380 1192 1416 crenata
1232 1371 1418 1425 dicunt,

171 1446 313 1501 atque
368 1438 418 1483 iu
475 1437 546 1499 fig.
594 1436 664 1482 Fi.
710 1439 855 1501 Lapp.
898 1439 1296 1500 integerrima
1334 1438 1419 1483 de-

174 1505 453 1567 pinguntur.
524 1505 649 1549 Tum
700 1504 810 1551 folia
856 1504 1007 1550 haecce
1043 1522 1184 1568 supra
1222 1514 1270 1551 et
1306 1504 1418 1550 sub—

173 1581 248 1616 tus
277 1570 540 1634 aequaliter,
570 1573 781 1634 exceptis
814 1573 960 1625 venis,
981 1581 1094 1617 sunt
1125 1571 1307 1627 hirta,
1335 1572 1417 1617 sed

176 1647 335 1683 tamen
375 1637 544 1683 subtus
582 1637 862 1700 paliidiora3
899 1647 945 1683 et
982 1639 1298 1683 exsiccatione
1335 1638 1418 1683 ‹le-

173 1705 318 1767 niqne
355 1713 468 1750 sunt
502 1705 828 1766 nigrescentia.
901 1704 976 1751 Ol)
1003 1704 1102 1750 haec
1130 1706 1276 1765 igitur
1300 1721 1419 1768 prae-

170 1787 278 1816 sens
331 1771 573 1835 specimen
622 1789 644 1816 a
691 1771 736 1818 S.
773 1780 1014 1817 canescente
1055 1772 1249 1825 recedit,
1286 1774 1419 1835 cnjus

172 1837 298 1893 folia,
343 1837 632 1884 testantibus
669 1838 1077 1903 descriptionibus
1114 1839 1240 1902 apud
1281 1841 1418 1884 Auct.

170 1904 330 1950 scand.
388 1914 435 1950 et
481 1906 612 1968 copia
661 1907 983 1968 speciminum
1032 1907 1258 1960 maxima,
1305 1915 1419 1950 snnt

172 1970 512 2026 crenulata,
575 1990 704 2017 nunc
761 1974 1003 2035 utrinque,
1070 1989 1197 2016 nunc
1250 1971 1418 2017 snbtns

171 2046 300 2083 certe
363 2047 716 2092 tomentosa‚
782 2039 1114 2090 rarissime,
1179 2047 1417 2102 qnantum

170 2103 398 2167 equidem
439 2104 554 2159 vidi,
594 2105 1012 2166 nigrescentia.

239 2170 315 2216 Ad
353 2187 498 2234 quam
535 2180 696 2217 antem
732 2173 999 2235 specierum
1030 2189 1159 2218 nunc
1190 2171 1419 2234 temporis

172 2237 531 2292 distinctarum,
571 2238 657 2283 hoc
693 2240 934 2302 specimen
977 2240 1132 2302 potins
1173 2237 1419 2291 referatur,

174 2322 261 2369 pro
314 2314 444 2350 certo
498 2305 762 2370 dijudicare
811 2305 932 2350 hand
984 2322 1191 2369 possum,
1232 2305 1318 2349 nisi
1359 2304 1418 2349 ad

177 2373 378 2418 sormam
428 2370 579 2426 illam,
629 2373 755 2419 inter
792 2371 837 2418 S.
875 2373 1072 2435 (smmum
1118 2381 1165 2418 et
1201 2372 1420 2433 niqrican-

177 2447 258 2484 tem
312 2438 671 2494 intermediam,
722 2440 874 2485 forsan
919 2439 1194 2501 irshridam,
1232 2454 1337 2501 qnae
1373 2437 1418 2483 S.

175 2504 327 2566 9lauea
372 2505 563 2568 *pullam
611 2507 684 2551 Fr.
728 2508 773 2552 in
812 2507 902 2552 Boc.
940 2508 1037 2553 Not.
1077 2506 1201 2556 4840,
1235 2524 1280 2568 p.
1317 2503 1418 2553 904,

179 2581 215 2615 et
252 2571 297 2618 S.
336 2573 379 2619 V.
416 2572 481 2619 Sc.
518 2590 559 2634 p.
597 2572 658 2616 57
696 2592 774 2620 seu
805 2573 851 2620 S.
882 2572 1302 2635 niqricanli-qlauca
1332 2570 1420 2616 An-

1225 2639 1283 2683 13
