1742 3016
1361 174 1422 220 57

314 284 414 330 Etsi
472 284 696 328 Linnaeus
750 283 850 345 ipse
906 300 1079 329 nomen
1138 285 1328 332 nullum
1386 287 1491 333 heic

244 351 562 402 adnotaverit,
600 348 823 394 concludi
865 358 1040 405 tamen,
1071 352 1228 414 ipsum
1260 353 1384 400 hanc
1405 372 1488 418 po-

246 419 339 463 tius
396 433 483 480 pro
526 413 646 460 Gent.
696 416 1027 461 centaurio-02
1066 417 1298 473 habuisse,
1339 438 1394 466 ex
1434 439 1488 467 eo

242 493 398 546 potest
452 483 682 545 primum,
738 482 866 545 quod
925 482 1088 546 planta
1137 484 1213 531 hic
1249 498 1485 534 asservata

242 549 372 595 nulla
409 550 471 594 sit
508 548 597 593 alia
637 548 877 597 acforma
917 551 1078 596 minor
1107 553 1348 613 Erythroeoe
1374 554 1486 600 lina-

237 615 404 678 riisolioe
449 617 585 661 Auca.
633 624 802 674 recent„
848 632 993 679 quam
1038 634 1123 662 cur
1159 636 1182 663 a
1219 618 1341 665 Gent.
1378 622 1486 666 Cen-

239 683 482 728 taurio--a
537 682 846 737 discerneret,
893 683 1094 729 Linnaeo
1146 685 1225 730 vix
1263 685 1360 731 ulla
1402 706 1485 750 po-

240 750 335 794 tuit
380 765 476 794 esse
513 766 686 804 caussa,
724 766 890 812 quum,
930 760 981 795 ut
1019 753 1112 816 jam
1149 761 1350 807 constat,
1389 753 1485 799 for—

236 833 366 861 mam
405 815 582 878 Erythr.
612 815 877 879 linariisoliae
904 817 1222 881 principalem
1254 823 1482 885 majorem

237 899 331 928 non
387 883 704 940 discerneret3
760 883 939 929 deinde
997 901 1108 930 vero
1155 903 1212 930 ex
1250 903 1317 939 eo,
1353 888 1483 950 quod

234 966 440 1013 praesens
493 951 556 995 sit
610 949 760 995 forma
817 967 839 995 a
886 963 1114 1014 sequente
1159 954 1360 999 omniuo
1406 955 1482 1000 di-

235 1033 381 1072 versa,
421 1016 520 1062 haec
556 1026 714 1062 autem
755 1018 857 1063 sine
894 1016 1044 1063 dub'io
1081 1019 1179 1082 ipsa
1210 1021 1272 1065 sit
1302 1020 1480 1084 planta,

232 1100 374 1147 quam
424 1085 474 1129 in
522 1084 591 1129 Fl.
638 1084 767 1129 Suec.
805 1093 852 1129 et
889 1084 1017 1147 Spec.
1057 1085 1213 1130 Plant.
1249 1087 1478 1134 Linnaeus

233 1151 430 1195 nomine
467 1149 587 1195 Gent.
625 1151 925 1206 Carnam—53
969 1151 1270 1197 intellectam
1315 1153 1479 1201 voluit.

231 1216 417 1262 Nomen
467 1218 612 1279 igitur
650 1234 672 1262 a
711 1216 933 1270 Smithi0‚
973 1227 1026 1263 ut
1064 1221 1287 1281 praesenti
1325 1223 1478 1284 speci-

230 1284 351 1328 mini
393 1283 703 1337 tribueretur,
742 1285 1059 1347 propositum,
1091 1287 1250 1348 potius
1286 1288 1478 1334 videtur

229 1346 346 1394 cumv
390 1351 599 1405 nornine,
638 1350 881 1413 prioribus
917 1349 1043 1406 dato,
1082 1369 1162 1398 seu
1200 1350 1251 1398 G.
1291 1355 1477 1401 Centau-

229 1418 412 1467 νιό-α,
452 1416 829 1480 permutandum
869 1433 978 1463 esse.

157 1561 267 1616 (10)
305 1561 587 1606 centaurium
623 1561 769 1605 minus
802 1561 1141 1606 ramosissimum
1181 1562 1407 1609 Vaz'llantz'i
1433 1570 1472 1624 (a

226 1643 371 1670 mauu
409 1625 576 1680 aliena,
615 1644 720 1690 quae
759 1636 920 1672 tamen
959 1629 1077 1691 quin
1117 1627 1263 1674 fuerit
1293 1629 1472 1677 Eberh.

224 1693 430 1746 Rosenii,
481 1693 561 1738 vix
598 1693 814 1739 dubitari
853 1703 1022 1757 potest,
1058 1712 1208 1758 quum
1251 1696 1322 1742 his
1360 1715 1472 1761 pro-

224 1759 412 1804 ximum
469 1760 697 1806 Linnaeus
751 1761 850 1824 ipse
903 1762 1125 1824 apposuit
1173 1779 1349 1808 nomen
1388 1782 1471 1810 au-

221 1827 412 1883 ctorisz)
449 1827 586 1871 Rosen
623 1832 821 1890 (praeter
858 1830 986 1891 quod
1025 1846 1049 1873 a
1089 1845 1233 1874 manu
1272 1834 1371 1896 ejus
1401 1841 1471 1877 est

222 1909 310 1954 pro
356 1894 553 1938 nomine
602 1893 778 1957 plantae
822 1895 1106 1957 scriptum:)
1142 1904 1178 1951 β.
1218 1924 1280 1932 -
1318 1899 1470 1955 (Smi-

223 1958 354 2004 thius
412 1976 522 2004 vero
576 1960 782 2006 diversis
837 1960 953 2006 locis
998 1961 1293 2026 adnotavitz)
1331 1972 1356 2019 β
1392 1963 1466 2026 Sp.

221 2024 285 2071 Pl.
330 2033 367 2069 ec
414 2025 502 2070 Flo.
539 2024 660 2072 Suec.
700 2027 763 2072 ed.
801 2028 846 2077 Ξ,
885 2044 968 2072 nec.
1009 2028 1069 2073 ed.
1109 2029 1143 2072 4.
1189 2058 1242 2064 -
1283 2030 1466 2077 Diversa

220 2109 245 2136 ιι
282 2090 332 2136 G.
368 2091 610 2138 Centauri&
653 2121 706 2127 ——
748 2091 797 2139 G.
834 2093 1042 2155 pulchella
1078 2093 1255 2140 Swartz
1295 2125 1358 2131 -
1395 2115 1466 2142 ea-

221 2157 313 2203 dem
353 2161 519 2219 species.
594 2159 644 2204 D.
681 2158 886 2222 Aszelz'us.
925 2188 989 2194 -—
1027 2161 1116 2223 diff.
1155 2162 1344 2225 specifica
1373 2180 1466 2210 cor-

217 2224 411 2287 riqenda.
1386 2224 1392 2227 ⁶

284 2346 356 2392 Ut
402 2346 530 2392 dicta
577 2364 718 2411 supra
756 2349 899 2394 citata
937 2349 1122 2395 Linnaei
1165 2367 1259 2396 non
1301 2354 1463 2400 minus

218 2411 394 2467 valent,
433 2429 486 2458 ac
522 2414 561 2459 si
598 2415 699 2477 ipse
737 2432 913 2461 nomen
949 2414 1089 2479 plene
1117 2416 1460 2481 adscripsisset‚

216 2488 358 2542 atque
411 2489 574 2543 aperte
628 2480 817 2536 docent,
865 2483 1024 2545 ipsum
1073 2484 1334 2546 specimina
1374 2503 1460 2550 pro

221 2560 327 2590 vera
372 2543 422 2590 G.
469 2547 669 2592 Centaur.
714 2556 740 2604 β
775 2547 1009 2601 habuisse,
1045 2550 1112 2594 sic
1148 2549 1274 2596 dicta
1313 2553 1458 2597 etiam
