1742 3016
327 169 391 213 66

394 277 482 338 pin.
536 272 608 320 74.
681 273 733 320 Si
774 283 882 320 recte
917 283 953 319 et
992 291 1073 318 non
1109 282 1233 318 antea
1267 275 1481 332 recensita,
1516 273 1625 320 addo

392 341 524 402 capiti
576 342 678 385 4.·ηιο
730 341 843 386 inter
896 342 1170 387 Pastinaeam
1221 339 1415 401 sylvescr.
1463 348 1501 385 et
1537 341 1624 385 Tu-

392 407 541 469 lipam

462 474 565 518 Etsi
615 473 826 518 Botanici
872 472 1004 518 Sueci
1051 488 1106 517 ex
1144 468 1257 515 loeis
1293 479 1434 534 atque
1469 471 1625 534 opeli-

395 538 482 583 bus
531 539 803 584 Linnaeanis
842 539 1014 583 merito
1055 536 1282 582 videntui
1318 552 1624 600 synonymon

395 604 534 668 hujus
571 605 740 667 speciei
778 603 872 649 alio
910 603 1052 649 modo
1088 603 1257 656 fixisse,
1287 619 1430 664 quam
1461 602 1626 657 exteri,

394 673 491 733 qui,
545 670 665 715 duce
719 670 938 724 Summo,
994 679 1208 714 nostrum
1256 668 1335 714 All.
1377 669 1628 713 arenarium

400 746 569 781 vocant
621 736 668 781 A.
707 735 882 786 vineole,
937 735 983 780 id
1030 735 1157 797 quod
1206 751 1260 779 ex
1298 734 1403 780 aliis
1439 734 1627 780 Linnaei

396 802 618 865 operibus
654 819 840 865 quoqne
878 802 977 846 fieri
1017 801 1186 864 potuit,
1226 817 1310 863 pro
1332 817 1442 846 vero
1468 809 1627 845 autem

396 868 443 913 A.
497 869 694 913 arenario
748 867 925 912 liabent
980 867 1182 912 formam
1237 867 1472 912 minorem
1527 865 1632 912 Allii

396 933 712 995 Scorodoprasz',
759 934 1016 996 specimina
1068 941 1224 976 tamen
1265 932 1629 977 herbariiLin·

398 1001 550 1044 naeani
611 999 694 1043 hae
739 1001 787 1043 in
835 1016 884 1043 re
921 999 1094 1043 horum
1133 998 1432 1059 potissimum
1471 998 1630 1060 opini-

399 1082 537 1110 onem
593 1065 878 1109 confirmare
943 1062 1182 1116 videntur,
1245 1063 1377 1124 quasi
1432 1060 1629 1107 forsitan

400 1131 543 1175 etiam
582 1147 630 1174 ea
670 1131 767 1192 ipsa
805 1128 1067 1174 Smithium
1106 1129 1155 1172 in
1196 1127 1316 1172 hane
1352 1123 1642 1190 opinionem⁸

401 1196 558 1258 primo
607 1195 927 1240 adduxerunt.
998 1193 1128 1239 Folia
1175 1195 1303 1238 enim
1347 1193 1500 1257 plana,
1537 1193 1630 1238 lata

399 1262 556 1318 (3-4
584 1261 704 1319 lim),
738 1262 916 1321 vaginae
945 1259 1207 1304 snbteretes
1227 1268 1368 1322 atque
1389 1260 1631 1304 filamenta

398 1329 661 1372 staminum
716 1326 890 1372 corolla
941 1342 1204 1388 numquam
1253 1325 1475 1400 longiora,
1512 1341 1634 1387 saepe

400 1393 633 1447 hievioia‚
671 1393 982 1455 descriptioni
1022 1392 1096 1436 All.
1135 1393 1330 1436 arenarii
1358 1392 1538 1438 Sueeor
1551 1391 1633 1436 Re-

399 1467 504 1503 cent.
552 1468 832 1522 repugnant,
870 1458 951 1503 sed
989 1460 1169 1521 optime
1206 1458 1265 1502 ad
1303 1459 1348 1502 A.
1384 1457 1633 1518 Seorodopr.

401 1541 578 1571 ——vaon
609 1527 812 1570 minorem
849 1523 1257 1599 Sue03pe1tinent.
1315 1525 1498 1569 Veium
1526 1524 1634 1585 qui-

402 1594 513 1635 dem
551 1600 634 1645 est,
674 1591 770 1636 haee
806 1591 1064 1653 specimina
1107 1607 1200 1635 non
1239 1598 1364 1634 certe
1401 1606 1497 1634 esse
1526 1589 1634 1633 Sca-

405 1657 523 1709 nica,
562 1656 658 1710 sed,
696 1665 748 1701 ut
785 1656 1002 1700 indicnit
1039 1655 1164 1700 dieta
1196 1671 1335 1717 supra
1365 1655 1505 1699 citata
1536 1652 1633 1699 eol-

403 1721 604 1776 lectoris,
641 1722 856 1784 quisquis
896 1721 1051 1774 fuerit,
1090 1720 1187 1765 solo
1228 1719 1486 1767 verisimile
1526 1729 1632 1764 nita

404 1796 614 1840 externo,
648 1785 981 1850 *quamobrem
1039 1803 1202 1848 parum
1261 1785 1484 1831 afferrent
1532 1802 1634 1830 mo-

405 1854 555 1897 menti
599 1852 657 1897 ad
701 1853 976 1915 opinionem
1016 1854 1305 1896 Exterorum
1348 1852 1634 1896 confirman-

404 1918 531 1972 dam,
586 1919 677 1963 nisi
730 1917 895 1962 eadem
950 1934 1080 1980 aeqne
1134 1916 1253 1962 bene
1300 1935 1351 1961 ae
1397 1916 1492 1970 illa,
1530 1933 1635 1980 qnae

405 1985 560 2028 Suecis
599 1985 644 2028 A.
682 1987 945 2038 arenarium,
976 1984 1022 2028 in
1055 1983 1425 2045 descriptionem
1448 1983 1633 2027 Linnaei

405 2049 711 2111 quadrarent,
741 2059 880 2112 atque
911 2050 1103 2111 insuper
1132 2057 1176 2093 et
1204 2048 1357 2092 solnm
1384 2065 1634 2093 arenosum

404 2123 451 2159 et
489 2114 615 2160 locus
651 2114 914 2172 (Falstria),
952 2131 1055 2177 qnae
1084 2115 1308 2159 Linnaeus
1339 2115 1386 2158 in
1419 2113 1635 2160 Fl.Suec.

405 2179 553 2232 affert,
611 2181 782 2225 merito
827 2181 971 2225 etiam
1018 2180 1077 2225 de
1114 2181 1161 2224 A.
1199 2179 1440 2241 Scoroclopr.
1476 2181 1635 2224 minore

406 2244 573 2290 Suecor.
610 2246 766 2291 afferri
809 2256 1007 2308 possent.

339 2311 405 2373 (4)
441 2311 698 2371 anqulosum
732 2310 811 2358 22
863 2312 1029 2374 (manu
1084 2327 1257 2374 propr.‚
1301 2318 1442 2371 atque
1489 2325 1634 2372 prope

406 2393 611 2438 spemin(
618 2382 692 2433 n)
729 2378 851 2438 jena’.
921 2378 999 2433 (In
1041 2377 1205 2439 pagina
1254 2373 1451 2437 plagulae
1486 2373 1632 2420 z'ilteia

405 2443 549 2487 etiam
597 2459 657 2486 m.
703 2447 816 2504 pr.:)
869 2441 1028 2486 Allium
1064 2450 1191 2485 mont.
1221 2441 1292 2500 [ol
1331 2441 1542 2485 narcissi.

404 2507 710 2565 (vocabulum
743 2506 970 2551 nltinmm
1002 2506 1125 2551 lectu
1154 2506 1362 2560 difficile,
1381 2506 1460 2552 sed
1485 2523 1635 2569 neque

408 2575 560 2635 majus,
601 2590 752 2636 neque
789 2574 931 2618 minus
965 2578 1071 2629 est).
