1742 3016
207 291 301 346 nit3
351 307 435 336 nec
475 289 608 336 facile
645 287 695 335 G.
730 306 958 351 puowpmea
995 300 1079 345 est,
1117 291 1449 355 quamobrem,

204 375 352 420 quum
394 358 537 402 etiam
578 354 741 401 nullus
779 355 908 402 locus
945 366 1014 403 est
1049 360 1308 421 appositus,
1345 376 1451 422 spe-

203 426 361 470 cimen
418 424 738 498 Nonvegicum
792 423 1027 479 indicans,
1074 425 1163 470 hoc
1202 424 1303 471 loco
1342 425 1451 471 her-

202 490 391 536 barium
438 490 627 534 Linnaei
667 490 871 534 minime
907 499 977 535 est
1015 500 1183 553 aptum
1222 491 1279 537 ad
1319 509 1451 538 com-

203 556 475 621 ponendam
521 555 670 608 mem,
709 573 855 619 quam
891 568 1245 618 generaverunt
1273 560 1451 622 scripta

203 624 351 687 ipsius
409 623 494 668 hac
549 622 609 667 de
655 624 823 686 specie,
875 632 1038 668 utrum
1077 623 1194 669 lutea
1234 638 1356 680 vera,
1400 634 1450 671 ut

202 691 377 735 docent
432 691 560 752 Spec.
615 688 686 734 Pl.
741 698 787 735 et
835 688 975 735 Flora
1014 691 1220 745 suecica,
1258 693 1320 736 sit
1361 708 1450 736 un-

201 774 346 820 quam
384 757 510 802 intra
550 755 732 801 limites
768 756 1102 802 Scandinaviae
1139 766 1344 820 reperta,
1392 775 1451 802 an

201 823 364 887 planta
420 823 662 885 indigena,
708 824 783 868 cui
833 822 947 868 locis
984 824 1143 869 citatis
1181 824 1231 869 id.
1271 840 1450 870 nomen

199 891 486 954 imponitur,
541 891 604 936 sit
658 905 883 953 purpurea
929 891 1146 954 primum
1197 907 1293 936 non
1332 890 1452 936 bene

205 959 377 1020 agnita.

269 1077 410 1136 Quod
456 1077 677 1133 dubium,
725 1078 816 1123 nisi
864 1077 1195 1142 chirographa,
1234 1095 1339 1142 quae
1377 1078 1454 1124 di-

206 1155 338 1199 cunt,
385 1145 571 1189 Linnaei
620 1145 671 1189 in
712 1144 948 1199 herbario,
987 1162 1037 1190 ea
1076 1154 1220 1200 certo,
1258 1161 1363 1208 quae
1400 1146 1452 1190 in

204 1211 343 1258 libris
397 1213 494 1273 ejus
549 1210 740 1265 adsunt,
782 1210 950 1257 tollere
988 1221 1204 1274 possunt.
1274 1212 1332 1257 In
1371 1229 1452 1275 pa·

203 1279 310 1341 gina
349 1279 479 1323 enim
520 1276 693 1322 ultima
732 1278 804 1323 sui
835 1277 1126 1341 exemplaris
1155 1277 1311 1324 Florae
1339 1277 1453 1323 Sue-

204 1347 314 1390 cicae
351 1345 465 1390 edit.
500 1344 530 1387 2
560 1343 658 1389 haec
686 1361 766 1389 sua
803 1361 946 1389 manu
968 1343 1242 1390 adnotavit:
1273 1362 1337 1390 »m
1357 1341 1453 1389 227

203 1411 421 1457 Gentiana
474 1411 587 1455 lutea.
641 1420 700 1455 est
746 1409 958 1456 Gentiana
1001 1427 1270 1473 purpuream
1311 1420 1453 1474 atque

205 1478 334 1524 idem
392 1480 441 1524 in
497 1494 580 1522 suo
631 1476 893 1540 exemplari
945 1478 1075 1541 Spec.
1121 1477 1278 1523 Plant.
1314 1478 1386 1523 ed.
1424 1477 1454 1521 2

206 1547 307 1609 ipse
351 1563 375 1590 e
423 1544 535 1590 loeis
572 1543 631 1588 ad
669 1544 812 1589 Gent.
852 1543 1033 1588 luteam
1074 1545 1276 1606 receptis
1318 1560 1454 1589 voca-

205 1611 377 1657 bulum
416 1611 669 1671 Norveqz'czsss
706 1615 788 1668 (sc.
819 1609 1032 1673 alpibus)
1062 1609 1260 1663 delevit,
1292 1608 1451 1655 locum

209 1695 319 1724 vero
372 1677 597 1731 eundem,
653 1675 742 1721 sub
787 1677 844 1722 G.
885 1693 1120 1739 purpurea
1165 1676 1453 1730 indicatum,

209 1745 422 1790 retinuit.
498 1745 571 1788 Ex
617 1759 710 1806 quo
757 1752 958 1798 constat,
996 1743 1256 1788 Linnaeum
1293 1743 1453 1805 ipsum

208 1811 467 1874 posteriore
517 1819 745 1872 tempore,
791 1810 924 1872 quasi
976 1826 1138 1855 veram
1186 1825 1456 1870 purpuream

208 1878 452 1938 agnovisse
480 1874 739 1921 Gentianam
767 1876 817 1920 iu
840 1876 1074 1938 Norvegia
1099 1875 1287 1930 lectam,
1308 1891 1453 1938 quam

211 1945 344 2006 prius
381 1942 468 1988 sub
507 1943 705 1988 nomine
742 1941 864 1987 luteoe
903 1943 1207 1987 meminerat,

103 2097 218 2159 (5)
255 2099 537 2145 Centenarium
574 2098 624 2141 44
661 2098 829 2161 (manu
861 2114 1038 2162 propr„
1069 2105 1212 2166 atque
1240 2095 1329 2142 sub
1361 2112 1455 2141 uno

210 2165 558 2228 speciminum
551 2167 575 2222 ·>
613 2163 748 2226 Alqir.

279 2286 389 2332 Haec
442 2286 529 2330 etsi
584 2284 846 2347 specimina
900 2300 998 2329 non
1043 2292 1157 2329 sunt
1194 2282 1457 2328 Scandilia-

214 2353 330 2407 vica,
370 2352 535 2397 formae
566 2360 725 2396 tamen
760 2351 977 2404 nostrati,
1007 2349 1095 2395 sub
1124 2350 1322 2395 nomine
1342 2350 1457 2410 Ery-

211 2419 355 2464 throeoe
401 2420 630 2464 Centaurn'
673 2416 799 2480 apud
845 2433 1011 2462 omnes
1047 2417 1278 2462 Auctores
1314 2416 1457 2461 Scan-

211 2484 312 2530 din.
352 2486 639 2530 recentiores
674 2491 1076 2538 commemoratae,
1105 2482 1356 2528 simillima
1387 2489 1458 2526 at—

176 2554 178 2556 ’
214 2567 305 2613 que
341 2567 449 2596 cum
489 2568 539 2597 ea
580 2549 721 2614 plane
759 2550 923 2595 eadem
963 2558 1091 2594 sunt.
