1742 3016
337 143 433 190 184

399 251 548 298 beckii
587 254 726 298 citata
765 254 946 316 optimc
981 255 1290 307 conveniunt,
1319 270 1463 316 quam
1496 253 1553 298 ad
1585 253 1630 300 S.

397 327 614 379 repentem
653 320 888 381 pertinere
928 321 1017 381 jam
1056 317 1161 363 aliis
1197 318 1309 364 locis
1337 319 1544 376 (Hartm.
1578 320 1629 364 in

397 385 499 429 Bot.
554 384 659 429 Not.
709 385 848 430 1841.
898 402 937 447 p.
978 383 1056 439 68,
1095 384 1319 431 Anderss.
1355 384 1446 431 Sal.
1483 386 1630 448 Lapp.

397 467 440 513 p.
476 449 560 512 66)
596 460 838 496 ostensum
877 459 960 496 est.

330 538 438 595 (60)
475 536 602 584 Saliae
632 537 758 600 fusca
796 537 878 601 (m.
918 554 1088 601 propr„
1126 538 1204 583 sed
1245 539 1295 584 in
1334 540 1498 601 pagina
1529 537 1630 602 pla-

398 603 518 666 gulae
572 605 746 666 postica
803 622 947 667 prope
1015 605 1274 666 marginem
1340 605 1630 658 inferiorem,

401 669 482 715 ubi
536 670 648 715 alias
702 672 936 733 praecipne
979 687 1247 733 synonyma
1287 680 1472 717 tantum
1514 672 1630 716 Liu-

402 752 530 781 naeus
565 735 740 781 addere
775 735 986 798 solebat).

466 801 597 847 Folia
637 801 778 847 modo
813 802 1001 851 adsunt,
1042 801 1281 865 prioribus
1322 802 1457 848 valde
1494 802 1634 847 ‹lissi-

402 866 547 920 milia,
602 885 752 930 neque
796 885 904 912 cuni
952 868 1286 930 descriptione,
1334 885 1484 931 neque
1521 885 1629 913 cum

401 934 472 994 fig.
528 934 578 978 in
634 934 703 978 Fi.
760 935 904 996 Lapp.
950 935 1270 993 congruentia.
1341 935 1462 979 Sunt
1497 935 1627 979 enim

400 999 642 1062 prioribus
698 998 842 1061 triplo
890 998 1110 1059 longiora,
1158 998 1430 1052 lanceolata,
1482 1009 1631 1054 acuta,

399 1063 566 1109 subtus
603 1064 796 1109 densius
832 1065 1017 1109 sericea.
1087 1065 1236 1109 Amic.
1273 1065 1547 1110 Andersson
1573 1065 1633 1110 de

400 1130 487 1176 hoc
523 1131 783 1193 specimine
821 1130 967 1175 dixit:
1005 1129 1158 1175 »Folia
1195 1128 1240 1175 S.
1275 1129 1527 1175 Smitlzz‘anoe
1569 1132 1633 1176 si·-

403 1196 621 1241 millima.
677 1197 875 1242 Minime
903 1196 960 1241 ad
988 1205 1214 1257 repentem,
1246 1214 1395 1260 neque
1415 1198 1473 1242 ad
1500 1198 1633 1242 versi-

395 1262 543 1324 soliam
598 1263 876 1325 pertinent».
947 1263 1202 1326 Equidem,
1248 1280 1341 1326 quo
1383 1265 1633 1327 pertineat,

406 1329 531 1374 haud
569 1328 834 1391 dijudicare
871 1329 1032 1374 audeo.

336 1417 440 1481 (61)
477 1433 630 1479 repens
663 1417 723 1461 95
760 1422 927 1474 (manu
974 1424 1170 1480 propr.)

465 1484 678 1538 Omnino
706 1492 775 1528 est
805 1482 954 1528 forma
988 1483 1192 1545 vulgaris
1221 1482 1264 1529 S.
1285 1484 1472 1545 repentis
1491 1485 1635 1535 Auct.;

401 1551 450 1595 in
503 1567 595 1595 uno
634 1548 931 1604 ramulorum
970 1548 1078 1595 folia
1116 1560 1276 1596 exacte
1312 1551 1513 1596 eundem
1554 1549 1635 1594 lia-

403 1616 519 1662 bent
557 1616 774 1669 formam,
812 1632 864 1660 ac
901 1617 947 1660 in
990 1634 1119 1660 num.
1148 1616 1272 1674 (58),
1302 1633 1441 1680 supra
1470 1614 1633 1669 relato,

403 1682 484 1727 sed
522 1681 688 1726 subtus
724 1680 1038 1751 glabri-oscula
1078 1691 1202 1726 sunt.

335 1759 432 1823 (62)
471 1758 598 1804 Salioe
650 1773 801 1818 repens
847 1758 927 1821 (m.
972 1774 1129 1820 propr.
1178 1773 1261 1820 pro
1300 1759 1492 1803 nomine
1532 1757 1631 1820 pri-

404 1842 535 1870 mum
575 1824 819 1885 inscripto,
847 1825 960 1868 dein
986 1833 1141 1868 autem
1173 1822 1375 1885 deleto:)
1397 1824 1523 1884 fusca
1553 1822 1633 1886 (ad

403 1891 528 1954 qnod
585 1905 813 1935 numerus
866 1892 1089 1953 quoquez)
1141 1889 1200 1937 ,94
1247 1889 1392 1952 (haud
1432 1888 1632 1943 deletus,

403 1958 644 2020 pertinet).

477 2024 543 2067 Ex
581 2024 713 2068 omni
753 2030 885 2085 parte
921 2030 988 2067 est
1024 2020 1070 2067 S.
1105 2022 1292 2083 repentis
1329 2021 1445 2066 Aucc.
1483 2019 1633 2065 forma

403 2089 565 2134 cadem
622 2106 673 2134 ac
719 2087 944 2141 ramulus,
990 2089 1070 2150 qui
1109 2088 1196 2133 snb
1234 2089 1390 2150 priore
1426 2084 1635 2148 singula-

407 2156 491 2201 tim
553 2163 856 2206 memoratur,
918 2153 1042 2199 foliis
1102 2153 1223 2209 latis,
1285 2148 1634 2205 obtusiuscnlis‚

403 2220 570 2265 subtus
605 2219 948 2282 glabi'iusciiliS‚
985 2218 1401 2280 glaucescentilms.

340 2296 450 2354 (63)
487 2298 708 2342 incubacea
743 2299 806 2344 92
840 2303 924 2355 (m.
965 2314 1135 2360 propr„
1173 2306 1312 2359 atque
1350 2311 1493 2357 prope
1529 2310 1634 2355 spe-

406 2363 560 2407 cimen
604 2380 760 2417 manu,
801 2373 851 2408 nt
891 2363 1095 2417 videtur,
1132 2362 1328 2418 alienaz)
1373 2359 1500 2406 Saliae
1535 2358 1635 2404 laci-

399 2426 500 2489 solia
536 2429 676 2472 minor
712 2430 754 2474 C.
795 2430 841 2472 B.
879 2426 979 2471 474.

475 2493 582 2538 Haec
635 2495 736 2538 sine
787 2493 934 2538 dnbio
987 2502 1069 2547 cst,
1114 2509 1255 2555 quam
1304 2490 1536 2536 Smitliins
1583 2491 1633 2536 in

409 2558 545 2621 Engl.
591 2559 658 2605 Fl.
697 2559 738 2604 4.
777 2560 872 2605 ‘212
908 2559 948 2604 ἃ
987 2558 1080 2604 213
1118 2562 1219 2620 (sec.
1263 2557 1393 2603 Koch
1434 2559 1479 2602 in
1520 2557 1632 2620 Syn.
