1742 3016
1312 141 1395 188 151

242 262 436 307 Linnaeo
468 255 591 323 ¹ipsu
644 260 690 304 in
739 258 882 305 Mant.
927 258 972 304 11
1020 274 1061 320 p.
1099 256 1188 302 321
1234 269 1467 300 memora—

244 338 354 381 tam,
392 327 687 390 aliorumque
726 325 820 371 fere
853 325 1069 370 omnium
1101 323 1173 369 his
1201 323 1260 369 de
1288 320 1467 386 plantis

240 395 471 441 habendis
507 393 803 457 synonymis,
843 393 931 437 nisi
969 390 1223 444 accederet,
1261 388 1388 453 quod
1415 388 1463 433 in

245 462 425 526 plagula
476 479 603 506 num.
648 460 739 518 (9),
777 461 849 504 cui
888 459 1187 522 sequentium
1226 457 1312 503 soli
1349 456 1466 502 Lin-

244 546 368 575 naens
406 531 502 593 ipse
540 545 710 573 nomen
743 525 966 588 ulz'qinosoe
995 526 1250 588 inscripsit,
1281 525 1323 571 C.
1351 522 1466 568 chor-

239 596 414 642 dorlviza
459 603 737 649 asservetur,
775 610 878 657 quae
914 610 1022 638 cum
1061 592 1380 655 descriptione
1417 590 1466 634 in

241 663 311 709 Fl.
356 663 483 708 Suec.
522 662 724 706 minime
760 661 999 714 convenit,
1038 676 1183 722 eoque
1224 675 1304 722 per
1340 674 1469 703 erro-

242 746 339 776 rem
395 728 482 775 sub
537 729 623 774 hoc
667 729 861 774 nomine
900 729 1073 773 inserta
1111 734 1251 790 atque
1289 724 1470 770 nullius

242 798 474 843 momenti
511 796 569 842 ad
613 813 768 841 veram
808 796 1062 858 uliqinosam
1086 791 1465 855 investigandam

242 863 457 910 habenda
496 873 577 910 est.
627 864 932 909 Potissimum
964 863 1109 925 igitur
1138 860 1466 919 auctoritatem

242 931 436 977 Smithii
481 940 527 977 et
572 929 736 977 Afzelii
784 947 995 994 sequens,
1033 945 1236 993 quorum
1277 935 1473 990 uterque

243 1000 291 1045 in
333 998 491 1063 planta
532 1007 760 1062 praesente
797 997 1028 1044 Schoenum
1058 1011 1342 1058 compressum
1374 994 1473 1039 Lin-

243 1083 454 1116 noeanum,
492 1066 574 1111 iile
612 1083 719 1111 vero
747 1067 888 1111 etiam
919 1066 1016 1112 Car.
1047 1064 1301 1126 uliqinosam
1331 1078 1471 1124 agno-

249 1135 330 1185 vit,
376 1134 425 1179 id
462 1134 587 1197 quod
629 1134 821 1196 insuper
859 1132 1076 1178 indicant
1114 1129 1183 1177 Fl.
1219 1131 1364 1193 Lapp.
1402 1128 1474 1173 ed.

247 1200 512 1247 Smithiana
555 1219 596 1246 n.
635 1199 728 1246 323
766 1209 812 1245 et
848 1198 986 1262 Engl.
1027 1200 1126 1245 Bot.
1166 1216 1208 1243 n.
1246 1197 1356 1252 791,
1389 1195 1475 1241 hoc

247 1268 347 1314 loco
385 1267 518 1314 facile
555 1268 695 1314 credo
727 1268 1124 1331 permutationem
1157 1265 1473 1329 speciminum

252 1337 518 1381 nominisve
563 1335 731 1380 factam
778 1352 885 1388 esse,
932 1335 995 1380 ita
1038 1343 1087 1379 ut
1127 1349 1295 1378 nomen
1337 1330 1475 1393 uliqi-

248 1419 348 1448 nosa
404 1402 577 1466 plantae
632 1403 850 1466 praesenti
910 1403 1098 1465 proprie
1143 1408 1262 1446 esset
1309 1399 1477 1444 inscri-

250 1469 477 1523 bendum,
531 1487 634 1534 quae
680 1470 772 1515 sola
816 1470 961 1534 (juxta
1001 1469 1237 1532 specimen
1281 1465 1478 1530 plagulae

253 1539 467 1601 proxime
503 1540 760 1602 sequentis)
801 1539 943 1583 totius
985 1535 1191 1581 herbarii
1221 1535 1267 1579 in
1302 1534 1478 1579 descri-

252 1606 462 1668 ptionem
501 1604 716 1669 quadret,
754 1606 992 1668 specimen
1033 1612 1188 1648 autem
1228 1602 1272 1647 C.
1308 1600 1476 1646 chordo-

249 1672 383 1717 rln'zae
422 1671 492 1735 (in
533 1671 713 1735 plagula
754 1672 906 1734 nona),
944 1671 1129 1716 Linnaei
1170 1679 1396 1732 tempore,
1428 1678 1479 1713 ut

255 1739 458 1791 videtur,
516 1739 728 1784 nondum
785 1739 1024 1784 ‹listinctae
1065 1747 1205 1801 atque
1241 1754 1263 1780 a
1302 1735 1479 1782 descri-

253 1807 414 1870 ptione
451 1805 766 1862 abhorrentis,
804 1807 934 1870 quasi
973 1804 1342 1869 comparationis
1375 1813 1480 1848 tan-

253 1883 355 1918 tum
395 1891 549 1919 caussa
588 1873 780 1919 affixum
823 1873 1151 1930 habei'etui·*).

189 1950 259 2014 (8)
295 1952 456 1999 Caricis
492 1957 674 2008 (manu,
714 1952 867 1996 nescio
903 1969 961 1996 an
1002 1950 1211 2005 Linnaei3
1253 1956 1483 2012 anteaque

256 2038 277 2062 a
319 2019 562 2081 Smithioz)
598 2018 791 2080 Scirpus.

323 2085 573 2144 Quomodo
630 2102 800 2130 nomeu
847 2086 1047 2130 citatum
1086 2082 1172 2129 hoc
1209 2081 1310 2128 loco
1345 2082 1482 2128 adhi-

255 2152 356 2198 beri
395 2153 615 2216 potuerit,
654 2170 816 2216 quum,
854 2161 1085 2216 quantum
1117 2149 1338 2214 equidem
1373 2150 1480 2205 scio,

179 2289 205 2334 *)
235 2287 343 2328 Hanc
380 2287 554 2338 amplecti
591 2287 699 2326 liceat
729 2288 963 2326 occasionem
996 2287 1109 2325 errati
1138 2285 1358 2335 corrigendi,
1387 2284 1487 2335 quod

233 2343 304 2383 sub
331 2355 433 2382 num.
464 2344 516 2381 68
545 2355 574 2381 s.
605 2341 753 2382 Genere
782 2342 958 2382 Schoeno
980 2343 1163 2388 commisi,
1185 2340 1342 2380 dicendo
1364 2339 1486 2378 »nulla

234 2399 440 2450 specimina
467 2397 637 2437 Schoeni
664 2397 875 2449 compressi
903 2397 1116 2437 Linnaeani
1144 2407 1305 2447 usquam
1326 2396 1362 2434 in
1378 2395 1484 2434 herb.

236 2455 457 2501 asservari»,
501 2454 599 2504 quod
642 2454 728 2492 inde
765 2457 890 2492 ortum
919 2456 989 2500 est,
1026 2455 1068 2491 ut
1095 2451 1338 2503 praesentium
1367 2450 1487 2501 speci-

237 2510 395 2555 minum‚
424 2510 576 2548 nomine
606 2508 839 2560 autographo
868 2509 1149 2554 destitutorum,
1180 2508 1240 2546 vix
1269 2506 1397 2545 habita
1426 2517 1487 2544 ra-

236 2564 348 2626 tione,
378 2564 475 2603 nulla
504 2562 617 2615 hujus
645 2565 780 2615 speciei
809 2564 880 2603 sub
911 2562 948 2603 C.
980 2563 1194 2614 uliqinosa,
1230 2562 1292 2601 ubi
1321 2561 1487 2612 quaesivi,

241 2629 457 2657 invenirem.
