1742 3016
1336 207 1428 253 105

252 332 398 379 quam
461 314 612 359 elatior
669 315 762 360 Rec.
817 313 984 377 procul
1040 314 1190 361 dubio
1244 319 1495 380 pertinuit.

250 383 391 441 Quod
438 381 569 426 enim
616 380 675 428 acl
713 381 975 444 specimina
1016 383 1266 444 praesentia
1304 385 1495 441 attinet,

250 449 364 503 haec,
404 457 455 492 ut
499 449 592 511 jam
629 446 904 492 observavit
942 446 1193 500 smithius,
1230 448 1279 495 Ο.
1317 452 1498 498 minoris

250 514 364 561 Sacc.
419 524 458 558 et
511 514 632 558 Auct.
687 522 814 568 sunt,
873 530 933 558 ne
978 515 1187 560 minimo
1233 517 1430 579 quidem
1470 536 1493 563 a

250 578 597 644 speciminibus
624 578 830 633 diversa,
861 596 966 643 quae
997 580 1206 642 piurima
1237 583 1362 629 haud
1383 602 1496 647 pro-

249 646 326 693 cul
381 663 403 691 a
459 645 698 690 Loutlinis
745 645 898 708 legere
947 647 1068 691 mihi
1108 646 1260 703 licuit,
1298 659 1345 696 et
1387 653 1495 697 viva

248 730 358 759 cum
397 711 620 757 herbario
657 713 921 759 Linuaeano
958 729 1249 776 comparare.

543 968 1074 1017 TETRADYNAMIA.

111 1057 222 1104 823.
261 1057 436 1104 DRABA.

180 1135 250 1199 (6)
286 1135 401 1181 hirta
454 1141 626 1194 (manu
673 1151 850 1197 propin,
887 1152 1020 1200 aeque
1056 1154 1108 1182 ac
1145 1136 1322 1196 locus:)
1361 1139 1493 1202 Lapp.

248 1207 414 1265 (atque
451 1203 501 1247 iu
532 1202 700 1264 pagina
724 1201 926 1264 plagulae
950 1204 1127 1265 postica
1160 1203 1247 1250 hoc
1276 1222 1494 1269 synony-

248 1274 409 1326 mom)
438 1268 695 1315 Cardamz'ne
722 1268 838 1330 soliis
867 1269 1025 1314 obtusis
1053 1270 1266 1316 sessilibus
1293 1272 1350 1317 ad
1375 1273 1494 1318 radi-

248 1353 337 1380 cem
372 1335 417 1380 in
452 1334 643 1382 rosulam
679 1335 913 1397 dispositis,
950 1336 1121 1399 siliquis
1147 1338 1342 1384 brevibus
1361 1338 1493 1385 Gmel.

248 1404 375 1465 (post
412 1402 540 1465 quod
579 1402 816 1447 Smithius
853 1402 1087 1468 addidit2)
1131 1405 1222 1451 vim.

315 1469 531 1514 Omnino
587 1477 656 1513 est
713 1469 760 1514 D.
807 1469 923 1514 hirta
959 1470 1081 1516 Auct.
1122 1472 1298 1528 Recent„
1337 1472 1492 1536 qualis

248 1534 398 1580 forma
456 1535 596 1600 hujus
651 1536 880 1598 primaria
931 1553 971 1582 V.
1014 1554 1051 1584 c.
1098 1539 1149 1583 in
1196 1539 1384 1585 Hartm.
1424 1539 1493 1585 Fl.

250 1601 418 1646 Scand.
457 1602 529 1647 ed.
569 1604 596 1647 5
635 1603 936 1665 proponitur.

109 1687 221 1735 835.
259 1689 546 1735 ΟΑΒΒΑΜΙΝΕ.

176 1766 246 1831 (1)
282 1765 529 1829 bellidisolia
566 1768 587 1811 4
623 1772 710 1825 (in.
748 1784 909 1830 propr.
947 1786 1079 1832 aeque
1116 1787 1168 1815 ac
1208 1771 1257 1816 in
1297 1788 1396 1834 pag.
1425 1771 1495 1816 al-

245 1839 390 1890 te1·a:)
427 1834 687 1880 Gai-flamine
724 1835 788 1897 (et
827 1834 994 1898 locus:)
1032 1837 1271 1898 Lapponia.

311 1900 554 1945 Omnibus
609 1918 667 1946 ex
719 1900 1076 1948 characteribus
1121 1913 1167 1949 et
1215 1903 1385 1949 habitu
1423 1913 1493 1949 est

244 1967 288 2012 C.
342 1966 584 2028 bellidisolia
639 1969 759 2013 Aucc.
812 1966 950 2018 Suae„
995 1969 1125 2032 quod
1172 1978 1314 2032 atque
1363 1970 1492 2015 locus

246 2049 518 2096 nomenque
573 2050 595 2077 a
651 2035 851 2079 Linnaeo
897 2034 1153 2098 adscripta,
1203 2052 1328 2081 novo
1378 2046 1492 2082 sunt

245 2109 542 2161 argumento,
589 2099 677 2144 sub
724 2100 812 2145 hoc
851 2102 1047 2146 nomine
1085 2101 1302 2165 plantam
1340 2103 1490 2148 solam

247 2166 637 2210 scandinavicam
673 2168 845 2212 merito
865 2166 1234 2229 intelligendam
1264 2186 1374 2224 esse,
1407 2187 1492 2215 nec

226 2230 438 2293 'alpinum
486 2231 642 2288 Willd„
689 2232 873 2295 alpium
912 2235 1118 2297 Europae
1155 2235 1377 2281 australis
1413 2237 1491 2281 in-

244 2297 411 2352 colam,
450 2316 555 2362 quae
591 2298 828 2362 bellt‘disolia
858 2316 982 2345 sensu
1011 2303 1133 2346 Auct.
1162 2299 1361 2347 German.
1392 2302 1490 2365 plu-

243 2365 365 2416 rim.;
411 2367 599 2411 etiamsi
646 2366 906 2430 descriptio
954 2368 1183 2430 primitus
1229 2385 1252 2413 a
1290 2369 1491 2414 Linnaeo

244 2429 352 2476 data
394 2431 517 2477 hanc
554 2433 697 2477 etiam
736 2433 993 2497 complecti
1035 2434 1240 2480 videtur.

176 2507 255 2564 (3)
290 2507 496 2570 trifolium
533 2508 563 2552 5
599 2511 768 2572 (manu
808 2510 1002 2573 propin).

312 2575 633 2638 Descriptioni
691 2577 740 2621 in
788 2577 916 2639 Spec.
956 2577 1112 2624 Plaut.
1150 2587 1197 2623 et
1234 2578 1304 2624 Fl.
1343 2579 1487 2631 Suco,

248 2654 334 2683 nec
381 2642 541 2686 minus
577 2642 891 2705 descriptioni
930 2644 1059 2705 apud
1098 2645 1413 2695 Recentiores,
1451 2663 1486 2688 c.
