1742 3016
389 151 402 193 1
417 149 479 194 34

514 258 695 304 Nomen
749 267 795 304 et
849 258 974 304 loeus
1027 258 1235 304 indicare
1293 258 1528 315 videntur,
1575 260 1661 306 hoc

447 326 602 388 ipsum
656 326 891 388 specimen
939 326 1064 371 inter
1100 343 1148 370 ea
1189 324 1340 375 fuisse,
1377 342 1479 389 qnae
1514 327 1564 372 in
1601 327 1658 373 It.

446 393 577 438 Scan.
612 392 832 438 Linnaeus
870 401 1100 438 memorat
1137 409 1280 455 prope
1316 392 1566 438 Scanoram
1594 392 1660 438 le-

444 467 531 511 cta,
569 466 614 503 et
649 457 706 503 ad
736 475 839 522 quae
871 458 1127 504 verisimile
1155 458 1483 504 definitionem
1512 460 1560 504 in
1593 459 1660 505 Fl.

445 526 573 571 Suec.
607 533 651 570 et
688 525 814 588 Spec.
845 525 996 570 Plant.
1024 525 1198 571 deinde
1231 524 1442 570 confecit.
1481 526 1659 584 Quam-

447 593 516 638 vis
560 600 716 637 autem
766 598 868 655 po‘st
906 591 954 637 id
993 601 1177 656 tempus
1213 592 1386 654 species
1424 591 1504 637 illa
1543 593 1660 637 Lin-

443 675 600 704 naeana
654 659 717 703 ita
771 658 1017 704 emendata
1063 668 1107 704 et
1159 659 1247 703 fixa
1302 667 1383 711 est,
1433 667 1482 703 nt
1521 658 1659 704 hodie

440 725 562 788 apud
618 741 780 769 omnes
834 724 927 770 fere
980 727 1204 771 Auctores
1254 741 1422 770 nomen
1469 727 1564 785 ejus
1599 725 1658 770 de

440 791 599 854 planta
628 790 791 836 eadem
819 791 1113 846 adhibeatur,
1144 808 1246 853 qnae
1273 790 1317 837 S.
1346 791 1528 853 tenuisol.
1547 791 1657 854 Jacq.

439 858 582 904 Auscr.
629 854 736 907 278,
772 860 993 922 cujusque
1031 859 1322 904 mentionem
1363 875 1520 903 revera
1562 860 1656 920 pri-

440 941 580 978 mam,
617 926 746 987 quasi
785 926 834 970 in
864 925 1024 969 Scania
1057 934 1264 987 repertae,
1296 924 1403 969 fecit
1435 925 1657 970 Rosenins

438 992 485 1036 in
516 990 626 1036 Obs.
665 991 765 1036 Bot.
802 992 931 1036 Scan.
965 1008 1004 1053 p.
1040 991 1117 1044 46,
1146 991 1319 1052 speeies
1345 991 1527 1035 Linnaei
1557 992 1655 1036 ori—

436 1057 618 1119 ginalis,
656 1059 785 1121 cujus
822 1056 908 1102 hoe
944 1066 1012 1101 est
1049 1058 1302 1119 specimen,
1334 1073 1426 1101 non
1459 1055 1547 1101 fuit
1580 1073 1655 1102 ve-

435 1140 514 1168 ius
549 1122 593 1169 S.
622 1122 863 1185 erucisolius
890 1139 1012 1168 sensa
1040 1123 1201 1168 Recenc.
1257 1123 1502 1185 Specimen
1525 1124 1654 1168 enim

438 1206 653 1254 praesens,
709 1199 759 1234 ut
812 1192 901 1252 jam
956 1189 1187 1235 Sinithius
1232 1198 1278 1234 et
1314 1188 1653 1238 observatione.

435 1274 572 1320 supra
611 1257 764 1309 citata,
808 1258 856 1302 in
896 1255 1023 1301 herb.
1063 1256 1311 1319 adscripta,
1349 1257 1479 1306 etin
1519 1255 1654 1318 Engl.

435 1324 535 1369 Bot.
574 1322 660 1368 sub
699 1323 795 1369 574
830 1332 875 1368 et
913 1322 1038 1368 ‘2515
1078 1325 1276 1377 monuit,
1316 1324 1469 1385 potins
1505 1331 1574 1368 est
1609 1322 1651 1368 S.

432 1390 629 1452 sylvatici
666 1389 827 1444 forma,
866 1399 911 1435 et
948 1388 1027 1434 illa
1057 1389 1266 1453 quidem,
1299 1405 1401 1452 qnae
1429 1389 1524 1436 Sea.
1553 1387 1654 1434 livi-

432 1457 513 1502 dus
548 1457 657 1503 Nolt.
702 1466 739 1502 et
775 1456 864 1503 Sm.
897 1458 988 1517 (nec
1024 1455 1178 1517 Lirim).
1252 1455 1417 1502 Differt
1461 1457 1589 1502 enim
1626 1473 1650 1501 a

437 1541 545 1569 vero
581 1523 790 1585 erucisolio
832 1523 990 1585 ligulis
1027 1523 1242 1568 minimis
1282 1524 1504 1569 revolutis
1543 1521 1650 1568 nul-

433 1589 564 1645 lisve,
609 1589 734 1635 foliis
778 1590 1076 1653 pinnatifidis
1125 1606 1206 1635 nec
1252 1592 1452 1652 partitis,
1493 1590 1650 1652 pinnis

432 1656 728 1719 inaequaliter
765 1657 984 1710 dentatis,
1025 1672 1181 1701 versus
1209 1657 1387 1717 apicem
1421 1655 1515 1701 folii
1550 1672 1647 1700 ina—

432 1721 621 1787 joribus‚
659 1721 853 1785 aliisque
884 1723 1028 1777 noti53
1065 1721 1371 1784 quamobrem
1405 1721 1528 1766 {land
1558 1721 1647 1766 dn-

432 1789 532 1834 bito
568 1790 617 1834 in
656 1788 742 1834 hoc
776 1789 1032 1851 specimine
1069 1788 1433 1833 determinamlo
1458 1797 1646 1833 senten-

434 1857 547 1901 tiam
601 1855 794 1901 Smithii
839 1855 983 1917 sequi,
1026 1871 1166 1918 quam
1205 1855 1492 1917 experientia
1530 1870 1647 1916 quo-

429 1939 518 1986 que
565 1923 794 1967 recentior
841 1921 897 1966 ‹le
941 1920 1053 1966 locis
1094 1919 1135 1966 S.
1173 1921 1378 1983 erucisolii
1412 1930 1457 1965 et
1493 1920 1645 1982 sylva—

428 1990 500 2034 cici
534 1989 583 2033 in
621 1989 781 2034 Scania
812 1987 1094 2033 corroborat.
1165 1988 1221 2032 In
1250 1986 1489 2049 aggeribus
1515 1988 1641 2032 enim

429 2056 652 2109 Scanorae,
691 2054 769 2100 ubi
807 2055 1030 2100 Linnaens
1064 2053 1112 2116 (l.
1151 2070 1288 2117 snpra
1327 2053 1384 2118 c.)
1419 2070 1496 2098 sua
1535 2053 1645 2116 legit

427 2123 699 2185 specimina,
755 2130 856 2184 post
909 2121 956 2166 id
1013 2129 1198 2183 tempus
1245 2119 1414 2168 frustra
1460 2136 1644 2182 semper

427 2188 649 2252 qnaesitus
701 2197 769 2233 est
814 2186 857 2232 S.
902 2185 1138 2251 erucisolius
1173 2185 1290 2232 Λυσι.
1327 2194 1489 2237 recent„
1525 2185 1641 2230 dnm

427 2263 588 2300 contra
628 2254 702 2300 hic
738 2256 836 2317 ipse
873 2252 1000 2299 locus
1035 2252 1249 2316 specialis
1285 2254 1410 2298 inter
1445 2269 1494 2296 ea
1529 2268 1642 2297 enu-

428 2330 636 2366 meratur
682 2320 745 2383 (v
791 2319 908 2385 Liija
957 2319 1024 2365 Fl.
1061 2320 1189 2365 Scan.
1229 2336 1269 2381 p.
1308 2317 1435 2380 375),
1471 2317 1642 2381 quibus

428 2386 567 2432 hodie
602 2387 832 2449 copiosius
871 2387 1075 2431 nascitur
1110 2384 1155 2430 S.
1191 2385 1446 2446 sylvaticas!

493 2453 866 2515 Desciiptionem
906 2461 1060 2497 antem
1101 2450 1274 2514 plantae
1311 2451 1494 2496 Rosenii
1533 2449 1562 2496 l.
1589 2467 1640 2501 c..

429 2536 510 2584 per
546 2535 592 2564 se
629 2519 880 2564 Linnaeana
919 2516 1165 2563 clariorem
1201 2527 1246 2563 et
1277 2517 1399 2563 haud
1429 2516 1639 2572 dubiam,

429 2586 606 2651 optime
651 2586 899 2632 consumit
944 2583 1070 2630 locus
1114 2583 1337 2647 specialis,
1380 2583 1438 2629 ab
1478 2600 1531 2629 eo
1569 2600 1639 2630 ie-
