<?xml version="1.0" encoding="UTF-8"?>
<!DOCTYPE html PUBLIC "-//W3C//DTD XHTML 1.0 Transitional//EN"
    "http://www.w3.org/TR/xhtml1/DTD/xhtml1-transitional.dtd">
<html xmlns="http://www.w3.org/1999/xhtml" xml:lang="en" lang="en">
 <head>
  <title>
</title>
<meta http-equiv="Content-Type" content="text/html;charset=utf-8" />
  <meta name='ocr-system' content='tesseract 3.04.00' />
  <meta name='ocr-capabilities' content='ocr_page ocr_carea ocr_par ocr_line ocrx_word'/>
</head>
<body>
  <div class='ocr_page' id='page_1' title='image "annotationesdepl00hart_0109.png"; bbox 0 0 1742 3016; ppageno 0'>
   <div class='ocr_carea' id='block_1_1' title="bbox 1301 156 1365 202">
    <p class='ocr_par' dir='ltr' id='par_1_1' title="bbox 1301 156 1365 202">
     <span class='ocr_line' id='line_1_1' title="bbox 1301 156 1365 202; baseline -0.016 0"><span class='ocrx_word' id='word_1_1' title='bbox 1301 156 1365 202; x_wconf 73' lang='lat'>9¹7</span> 
     </span>
    </p>
   </div>
   <div class='ocr_carea' id='block_1_2' title="bbox 192 261 1430 440">
    <p class='ocr_par' dir='ltr' id='par_1_2' title="bbox 192 261 1430 440">
     <span class='ocr_line' id='line_1_2' title="bbox 194 261 1429 328; baseline 0.002 -22"><span class='ocrx_word' id='word_1_2' title='bbox 194 261 322 325; x_wconf 77' lang='lat' dir='ltr'>apud</span> <span class='ocrx_word' id='word_1_3' title='bbox 361 262 437 308; x_wconf 88' lang='lat' dir='ltr'>Fr.</span> <span class='ocrx_word' id='word_1_4' title='bbox 475 264 522 307; x_wconf 92' lang='lat' dir='ltr'>iu</span> <span class='ocrx_word' id='word_1_5' title='bbox 563 263 681 308; x_wconf 87' lang='lat' dir='ltr'>Nov.</span> <span class='ocrx_word' id='word_1_6' title='bbox 711 262 780 308; x_wconf 87' lang='lat' dir='ltr'>Fl.</span> <span class='ocrx_word' id='word_1_7' title='bbox 811 264 940 309; x_wconf 87' lang='lat' dir='ltr'>Succ.</span> <span class='ocrx_word' id='word_1_8' title='bbox 969 263 1042 309; x_wconf 81' lang='lat' dir='ltr'>ed.</span> <span class='ocrx_word' id='word_1_9' title='bbox 1071 263 1113 310; x_wconf 81' lang='lat'>2.</span> <span class='ocrx_word' id='word_1_10' title='bbox 1143 281 1186 328; x_wconf 86' lang='lat' dir='ltr'>p.</span> <span class='ocrx_word' id='word_1_11' title='bbox 1221 263 1429 320; x_wconf 81' lang='lat'>170-2,</span> 
     </span>
     <span class='ocr_line' id='line_1_3' title="bbox 193 329 1430 395; baseline 0.002 -21"><span class='ocrx_word' id='word_1_12' title='bbox 193 337 335 392; x_wconf 84' lang='lat' dir='ltr'>atque</span> <span class='ocrx_word' id='word_1_13' title='bbox 371 338 476 392; x_wconf 78' lang='lat' dir='ltr'>post</span> <span class='ocrx_word' id='word_1_14' title='bbox 512 329 639 392; x_wconf 81' lang='lat' dir='ltr'>apud</span> <span class='ocrx_word' id='word_1_15' title='bbox 680 330 780 374; x_wconf 77' lang='lat' dir='ltr'>Bot.</span> <span class='ocrx_word' id='word_1_16' title='bbox 818 330 986 375; x_wconf 85' lang='lat' dir='ltr'>Sueeos</span> <span class='ocrx_word' id='word_1_17' title='bbox 1023 339 1216 386; x_wconf 80' lang='lat' dir='ltr'>ceteros,</span> <span class='ocrx_word' id='word_1_18' title='bbox 1255 347 1430 395; x_wconf 86' lang='lat' dir='ltr'>propo-</span> 
     </span>
     <span class='ocr_line' id='line_1_4' title="bbox 192 404 390 440; baseline 0.005 -1"><span class='ocrx_word' id='word_1_19' title='bbox 192 404 390 440; x_wconf 89' lang='lat' dir='ltr'>nuntur.</span> 
     </span>
    </p>
   </div>
   <div class='ocr_carea' id='block_1_3' title="bbox 55 504 518 551">
    <p class='ocr_par' dir='ltr' id='par_1_3' title="bbox 55 504 518 551">
     <span class='ocr_line' id='line_1_5' title="bbox 55 504 518 551; baseline -0.002 -2"><span class='ocrx_word' id='word_1_20' title='bbox 55 504 164 550; x_wconf 75' lang='lat'>713.</span> <span class='ocrx_word' id='word_1_21' title='bbox 203 505 518 551; x_wconf 76' lang='lat' dir='ltr'>TnAchnUM.</span> 
     </span>
    </p>
   </div>
   <div class='ocr_carea' id='block_1_4' title="bbox 120 592 1429 1642">
    <p class='ocr_par' dir='ltr' id='par_1_4' title="bbox 120 592 1429 1642">
     <span class='ocr_line' id='line_1_6' title="bbox 120 592 1428 655; baseline 0.004 -19"><span class='ocrx_word' id='word_1_22' title='bbox 120 592 196 651; x_wconf 81' lang='lat'>(2)</span> <span class='ocrx_word' id='word_1_23' title='bbox 233 596 377 638; x_wconf 71' lang='lat' dir='ltr'>minus</span> <span class='ocrx_word' id='word_1_24' title='bbox 413 593 442 636; x_wconf 84' lang='lat'><strong><em>6</em></strong></span> <span class='ocrx_word' id='word_1_25' title='bbox 477 597 645 650; x_wconf 83' lang='lat' dir='ltr'>(manu</span> <span class='ocrx_word' id='word_1_26' title='bbox 686 608 845 655; x_wconf 87' lang='lat' dir='ltr'>propr.</span> <span class='ocrx_word' id='word_1_27' title='bbox 874 608 1005 654; x_wconf 85' lang='lat' dir='ltr'>aeque</span> <span class='ocrx_word' id='word_1_28' title='bbox 1034 609 1087 637; x_wconf 83' lang='lat' dir='ltr'>ac</span> <span class='ocrx_word' id='word_1_29' title='bbox 1119 592 1292 651; x_wconf 78' lang='lat' dir='ltr'>locusz)</span> <span class='ocrx_word' id='word_1_30' title='bbox 1320 593 1428 641; x_wconf 79' lang='lat' dir='ltr'><em>Gocl.</em></span> 
     </span>
     <span class='ocr_line' id='line_1_7' title="bbox 253 658 1428 723; baseline 0.001 -18"><span class='ocrx_word' id='word_1_31' title='bbox 253 660 493 705; x_wconf 76' lang='lat' dir='ltr'>Numerus</span> <span class='ocrx_word' id='word_1_32' title='bbox 530 661 606 718; x_wconf 80' lang='lat'>(6)</span> <span class='ocrx_word' id='word_1_33' title='bbox 642 659 700 705; x_wconf 80' lang='lat' dir='ltr'>ad</span> <span class='ocrx_word' id='word_1_34' title='bbox 739 659 852 704; x_wconf 86' lang='lat' dir='ltr'>edit.</span> <span class='ocrx_word' id='word_1_35' title='bbox 889 658 922 704; x_wconf 80' lang='grc'>2</span> <span class='ocrx_word' id='word_1_36' title='bbox 958 659 1088 722; x_wconf 81' lang='lat' dir='ltr'>Spec.</span> <span class='ocrx_word' id='word_1_37' title='bbox 1126 660 1196 706; x_wconf 90' lang='lat' dir='ltr'>Pl.</span> <span class='ocrx_word' id='word_1_38' title='bbox 1233 660 1428 723; x_wconf 80' lang='lat' dir='ltr'>allegat3</span> 
     </span>
     <span class='ocr_line' id='line_1_8' title="bbox 187 727 1428 789; baseline 0.002 -19"><span class='ocrx_word' id='word_1_39' title='bbox 187 742 245 770; x_wconf 76' lang='lat' dir='ltr'>ex</span> <span class='ocrx_word' id='word_1_40' title='bbox 290 742 384 788; x_wconf 87' lang='lat' dir='ltr'>quo</span> <span class='ocrx_word' id='word_1_41' title='bbox 432 743 516 771; x_wconf 89' lang='lat' dir='ltr'>nec</span> <span class='ocrx_word' id='word_1_42' title='bbox 559 743 653 771; x_wconf 93' lang='lat' dir='ltr'>nou</span> <span class='ocrx_word' id='word_1_43' title='bbox 692 742 750 771; x_wconf 76' lang='lat' dir='ltr'>ex</span> <span class='ocrx_word' id='word_1_44' title='bbox 788 727 913 770; x_wconf 79' lang='lat' dir='ltr'>uotis</span> <span class='ocrx_word' id='word_1_45' title='bbox 950 735 998 770; x_wconf 87' lang='lat' dir='ltr'>et</span> <span class='ocrx_word' id='word_1_46' title='bbox 1034 729 1323 789; x_wconf 70' lang='lat' dir='ltr'>synonymis</span> <span class='ocrx_word' id='word_1_47' title='bbox 1360 727 1428 773; x_wconf 89' lang='lat' dir='ltr'>ibi</span> 
     </span>
     <span class='ocr_line' id='line_1_9' title="bbox 183 791 1429 856; baseline 0.002 -20"><span class='ocrx_word' id='word_1_48' title='bbox 183 791 309 836; x_wconf 83' lang='lat' dir='ltr'>datis</span> <span class='ocrx_word' id='word_1_49' title='bbox 346 792 634 838; x_wconf 80' lang='lat' dir='ltr'>concludere</span> <span class='ocrx_word' id='word_1_50' title='bbox 672 791 798 844; x_wconf 81' lang='lat' dir='ltr'>licet,</span> <span class='ocrx_word' id='word_1_51' title='bbox 839 809 1015 837; x_wconf 84' lang='lat' dir='ltr'>nomeu</span> <span class='ocrx_word' id='word_1_52' title='bbox 1045 809 1142 837; x_wconf 72' lang='lat' dir='ltr'>esse</span> <span class='ocrx_word' id='word_1_53' title='bbox 1166 794 1429 856; x_wconf 73' lang='lat' dir='ltr'>specimini</span> 
     </span>
     <span class='ocr_line' id='line_1_10' title="bbox 185 858 1427 922; baseline 0.001 -19"><span class='ocrx_word' id='word_1_54' title='bbox 185 858 296 904; x_wconf 85' lang='lat' dir='ltr'>huic</span> <span class='ocrx_word' id='word_1_55' title='bbox 326 868 428 904; x_wconf 86' lang='lat' dir='ltr'>tum</span> <span class='ocrx_word' id='word_1_56' title='bbox 460 860 766 922; x_wconf 76' lang='lat' dir='ltr'>inscriptum,</span> <span class='ocrx_word' id='word_1_57' title='bbox 796 875 946 921; x_wconf 86' lang='lat' dir='ltr'>quum</span> <span class='ocrx_word' id='word_1_58' title='bbox 969 860 1146 922; x_wconf 84' lang='lat' dir='ltr'>species</span> <span class='ocrx_word' id='word_1_59' title='bbox 1166 860 1427 904; x_wconf 77' lang='lat' dir='ltr'>Liuuaeana</span> 
     </span>
     <span class='ocr_line' id='line_1_11' title="bbox 183 925 1426 972; baseline 0.002 -2"><span class='ocrx_word' id='word_1_60' title='bbox 183 935 230 970; x_wconf 82' lang='lat' dir='ltr'>et</span> <span class='ocrx_word' id='word_1_61' title='bbox 268 927 412 971; x_wconf 70' lang='lat' dir='ltr'><em>minus</em></span> <span class='ocrx_word' id='word_1_62' title='bbox 448 942 575 970; x_wconf 82' lang='lat' dir='ltr'>sensu</span> <span class='ocrx_word' id='word_1_63' title='bbox 612 926 731 971; x_wconf 71' lang='lat' dir='ltr'><strong><em>Aucc.</em></strong></span> <span class='ocrx_word' id='word_1_64' title='bbox 771 925 893 971; x_wconf 71' lang='lat' dir='ltr'>Suae.</span> <span class='ocrx_word' id='word_1_65' title='bbox 930 934 1082 970; x_wconf 75' lang='lat' dir='ltr'>recent.</span> <span class='ocrx_word' id='word_1_66' title='bbox 1112 934 1160 970; x_wconf 86' lang='lat' dir='ltr'>et</span> <span class='ocrx_word' id='word_1_67' title='bbox 1181 926 1426 972; x_wconf 69' lang='lat' dir='ltr'>Kocltiz&#39;Fr.</span> 
     </span>
     <span class='ocr_line' id='line_1_12' title="bbox 183 991 1429 1055; baseline -0.001 -17"><span class='ocrx_word' id='word_1_68' title='bbox 183 992 607 1055; x_wconf 81' lang='lat' dir='ltr'>complecteretur3</span> <span class='ocrx_word' id='word_1_69' title='bbox 655 1010 734 1038; x_wconf 80' lang='lat' dir='ltr'>seu</span> <span class='ocrx_word' id='word_1_70' title='bbox 782 992 904 1037; x_wconf 82' lang='lat' dir='ltr'>hanc</span> <span class='ocrx_word' id='word_1_71' title='bbox 949 991 1149 1037; x_wconf 81' lang='lat' dir='ltr'>eandem</span> <span class='ocrx_word' id='word_1_72' title='bbox 1197 1009 1293 1038; x_wconf 86' lang='lat' dir='ltr'>esse</span> <span class='ocrx_word' id='word_1_73' title='bbox 1332 992 1429 1038; x_wconf 86' lang='lat' dir='ltr'>for-</span> 
     </span>
     <span class='ocr_line' id='line_1_13' title="bbox 184 1057 1427 1122; baseline 0.001 -19"><span class='ocrx_word' id='word_1_74' title='bbox 184 1075 329 1113; x_wconf 81' lang='lat' dir='ltr'><strong>mam,</strong></span> <span class='ocrx_word' id='word_1_75' title='bbox 376 1061 507 1120; x_wconf 85' lang='lat' dir='ltr'>cujus</span> <span class='ocrx_word' id='word_1_76' title='bbox 558 1060 740 1104; x_wconf 83' lang='lat' dir='ltr'>mentio</span> <span class='ocrx_word' id='word_1_77' title='bbox 786 1059 839 1104; x_wconf 79' lang='lat' dir='ltr'>fit</span> <span class='ocrx_word' id='word_1_78' title='bbox 876 1060 926 1103; x_wconf 92' lang='lat' dir='ltr'>in</span> <span class='ocrx_word' id='word_1_79' title='bbox 964 1059 1077 1103; x_wconf 83' lang='lat' dir='ltr'>ltin.</span> <span class='ocrx_word' id='word_1_80' title='bbox 1115 1057 1344 1104; x_wconf 77' lang='lat' dir='ltr'>Gotland.</span> <span class='ocrx_word' id='word_1_81' title='bbox 1385 1076 1427 1122; x_wconf 88' lang='lat' dir='ltr'>p.</span> 
     </span>
     <span class='ocr_line' id='line_1_14' title="bbox 187 1123 1426 1188; baseline -0.001 -18"><span class='ocrx_word' id='word_1_82' title='bbox 187 1123 295 1179; x_wconf 84' lang='lat'>180,</span> <span class='ocrx_word' id='word_1_83' title='bbox 335 1134 381 1170; x_wconf 83' lang='lat' dir='ltr'>et</span> <span class='ocrx_word' id='word_1_84' title='bbox 418 1142 577 1188; x_wconf 82' lang='lat' dir='ltr'>quam,</span> <span class='ocrx_word' id='word_1_85' title='bbox 615 1127 704 1170; x_wconf 82' lang='lat' dir='ltr'>etsi</span> <span class='ocrx_word' id='word_1_86' title='bbox 741 1125 969 1170; x_wconf 81' lang='lat' dir='ltr'>Linuaeus</span> <span class='ocrx_word' id='word_1_87' title='bbox 1005 1126 1057 1169; x_wconf 86' lang='lat' dir='ltr'>iu</span> <span class='ocrx_word' id='word_1_88' title='bbox 1089 1124 1162 1170; x_wconf 86' lang='lat' dir='ltr'>Fl.</span> <span class='ocrx_word' id='word_1_89' title='bbox 1198 1126 1327 1171; x_wconf 84' lang='lat' dir='ltr'>Suec.</span> <span class='ocrx_word' id='word_1_90' title='bbox 1355 1126 1426 1170; x_wconf 88' lang='lat' dir='ltr'>ed.</span> 
     </span>
     <span class='ocr_line' id='line_1_15' title="bbox 182 1189 1426 1254; baseline 0.001 -19"><span class='ocrx_word' id='word_1_91' title='bbox 182 1189 214 1235; x_wconf 80' lang='lat'>2</span> <span class='ocrx_word' id='word_1_92' title='bbox 268 1208 370 1236; x_wconf 83' lang='lat' dir='ltr'>eam</span> <span class='ocrx_word' id='word_1_93' title='bbox 418 1208 440 1236; x_wconf 77' lang='lat' dir='ltr'>a</span> <span class='ocrx_word' id='word_1_94' title='bbox 495 1193 655 1236; x_wconf 76' lang='lat' dir='ltr'>minore</span> <span class='ocrx_word' id='word_1_95' title='bbox 701 1199 970 1237; x_wconf 80' lang='lat' dir='ltr'>ceterarum</span> <span class='ocrx_word' id='word_1_96' title='bbox 1008 1191 1185 1236; x_wconf 79' lang='lat' dir='ltr'>Sueciae</span> <span class='ocrx_word' id='word_1_97' title='bbox 1224 1191 1426 1254; x_wconf 82' lang='lat' dir='ltr'>provin-</span> 
     </span>
     <span class='ocr_line' id='line_1_16' title="bbox 181 1257 1427 1311; baseline 0.001 -9"><span class='ocrx_word' id='word_1_98' title='bbox 181 1258 365 1302; x_wconf 82' lang='lat' dir='ltr'>ciarum</span> <span class='ocrx_word' id='word_1_99' title='bbox 403 1257 686 1303; x_wconf 77' lang='lat' dir='ltr'>australium</span> <span class='ocrx_word' id='word_1_100' title='bbox 728 1274 823 1302; x_wconf 90' lang='lat' dir='ltr'>nou</span> <span class='ocrx_word' id='word_1_101' title='bbox 861 1257 1158 1311; x_wconf 77' lang='lat' dir='ltr'>distinxerit,</span> <span class='ocrx_word' id='word_1_102' title='bbox 1196 1258 1427 1303; x_wconf 85' lang='lat' dir='ltr'>Auctores</span> 
     </span>
     <span class='ocr_line' id='line_1_17' title="bbox 184 1322 1427 1379; baseline 0 -10"><span class='ocrx_word' id='word_1_103' title='bbox 184 1325 390 1378; x_wconf 85' lang='lat' dir='ltr'>Recent.,</span> <span class='ocrx_word' id='word_1_104' title='bbox 434 1340 471 1367; x_wconf 91' lang='lat' dir='ltr'>v.</span> <span class='ocrx_word' id='word_1_105' title='bbox 509 1341 545 1368; x_wconf 90' lang='lat' dir='ltr'>c.</span> <span class='ocrx_word' id='word_1_106' title='bbox 585 1323 720 1370; x_wconf 86' lang='lat' dir='ltr'><strong>Koch</strong></span> <span class='ocrx_word' id='word_1_107' title='bbox 751 1322 839 1369; x_wconf 90' lang='lat' dir='ltr'>sub</span> <span class='ocrx_word' id='word_1_108' title='bbox 877 1324 1075 1368; x_wconf 88' lang='lat' dir='ltr'>nomine</span> <span class='ocrx_word' id='word_1_109' title='bbox 1105 1322 1261 1379; x_wconf 76' lang='lat' dir='ltr'>collini,</span> <span class='ocrx_word' id='word_1_110' title='bbox 1293 1324 1427 1369; x_wconf 84' lang='lat' dir='ltr'>Fries</span> 
     </span>
     <span class='ocr_line' id='line_1_18' title="bbox 181 1390 1425 1453; baseline 0 -19"><span class='ocrx_word' id='word_1_111' title='bbox 181 1392 379 1435; x_wconf 85' lang='lat' dir='ltr'>nomine</span> <span class='ocrx_word' id='word_1_112' title='bbox 420 1390 578 1439; x_wconf 74' lang='lat' dir='ltr'>Koclzii,</span> <span class='ocrx_word' id='word_1_113' title='bbox 616 1391 858 1435; x_wconf 74' lang='lat' dir='ltr'>diversam</span> <span class='ocrx_word' id='word_1_114' title='bbox 889 1390 1095 1452; x_wconf 83' lang='lat' dir='ltr'>speciem</span> <span class='ocrx_word' id='word_1_115' title='bbox 1128 1398 1425 1453; x_wconf 82' lang='lat' dir='ltr'>receperunt,</span> 
     </span>
     <span class='ocr_line' id='line_1_19' title="bbox 183 1456 1299 1519; baseline -0.001 -18"><span class='ocrx_word' id='word_1_116' title='bbox 183 1465 436 1519; x_wconf 76' lang='lat' dir='ltr'>posteaque</span> <span class='ocrx_word' id='word_1_117' title='bbox 477 1456 693 1519; x_wconf 78' lang='lat' dir='ltr'>plerique</span> <span class='ocrx_word' id='word_1_118' title='bbox 732 1457 949 1502; x_wconf 79' lang='lat' dir='ltr'>Botanici</span> <span class='ocrx_word' id='word_1_119' title='bbox 987 1465 1299 1518; x_wconf 74' lang='lat' dir='ltr'>agnoverunt.</span> 
     </span>
     <span class='ocr_line' id='line_1_20' title="bbox 245 1521 1426 1586; baseline 0 -19"><span class='ocrx_word' id='word_1_120' title='bbox 245 1524 494 1580; x_wconf 77' lang='lat' dir='ltr'>Quantum</span> <span class='ocrx_word' id='word_1_121' title='bbox 549 1524 600 1568; x_wconf 89' lang='lat' dir='ltr'>in</span> <span class='ocrx_word' id='word_1_122' title='bbox 654 1523 917 1586; x_wconf 83' lang='lat' dir='ltr'>specimine</span> <span class='ocrx_word' id='word_1_123' title='bbox 971 1523 1158 1577; x_wconf 79' lang='lat' dir='ltr'>siccato,</span> <span class='ocrx_word' id='word_1_124' title='bbox 1203 1521 1426 1586; x_wconf 81' lang='lat' dir='ltr'>carpellis</span> 
     </span>
     <span class='ocr_line' id='line_1_21' title="bbox 179 1587 1424 1642; baseline -0.002 -8"><span class='ocrx_word' id='word_1_125' title='bbox 179 1598 371 1634; x_wconf 78' lang='lat' dir='ltr'>carente</span> <span class='ocrx_word' id='word_1_126' title='bbox 429 1590 643 1642; x_wconf 83' lang='lat' dir='ltr'>maturis,</span> <span class='ocrx_word' id='word_1_127' title='bbox 703 1589 855 1633; x_wconf 86' lang='lat' dir='ltr'>videri</span> <span class='ocrx_word' id='word_1_128' title='bbox 912 1587 1036 1642; x_wconf 83' lang='lat' dir='ltr'>licet,</span> <span class='ocrx_word' id='word_1_129' title='bbox 1093 1588 1182 1633; x_wconf 87' lang='lat' dir='ltr'>hoc</span> <span class='ocrx_word' id='word_1_130' title='bbox 1235 1597 1322 1642; x_wconf 66' lang='lat' dir='ltr'>est,</span> <span class='ocrx_word' id='word_1_131' title='bbox 1350 1588 1424 1633; x_wconf 73' lang='lat' dir='ltr'>Th.</span> 
     </span>
    </p>
   </div>
   <div class='ocr_carea' id='block_1_5' title="bbox 186 1654 909 1716">
    <p class='ocr_par' dir='ltr' id='par_1_5' title="bbox 186 1654 909 1716">
     <span class='ocr_line' id='line_1_22' title="bbox 186 1654 909 1716; baseline -0.003 -17"><span class='ocrx_word' id='word_1_132' title='bbox 186 1655 335 1700; x_wconf 71' lang='lat' dir='ltr'><em>Kochii</em></span> <span class='ocrx_word' id='word_1_133' title='bbox 370 1656 446 1701; x_wconf 79' lang='lat' dir='ltr'>Fr.</span> <span class='ocrx_word' id='word_1_134' title='bbox 486 1656 622 1701; x_wconf 67' lang='lat' dir='ltr'>Mane.</span> <span class='ocrx_word' id='word_1_135' title='bbox 663 1655 728 1698; x_wconf 90' lang='lat' dir='ltr'>Ill</span> <span class='ocrx_word' id='word_1_136' title='bbox 761 1671 801 1716; x_wconf 79' lang='lat' dir='ltr'>p.</span> <span class='ocrx_word' id='word_1_137' title='bbox 839 1654 909 1698; x_wconf 74' lang='lat'>46.</span> 
     </span>
    </p>
   </div>
   <div class='ocr_carea' id='block_1_6' title="bbox 111 1736 1424 2472">
    <p class='ocr_par' dir='ltr' id='par_1_6' title="bbox 111 1736 1424 1999">
     <span class='ocr_line' id='line_1_23' title="bbox 111 1736 1424 1808; baseline 0 -21"><span class='ocrx_word' id='word_1_138' title='bbox 111 1743 182 1808; x_wconf 81' lang='lat'>(3)</span> <span class='ocrx_word' id='word_1_139' title='bbox 218 1743 354 1802; x_wconf 79' lang='lat' dir='ltr'>(Sine</span> <span class='ocrx_word' id='word_1_140' title='bbox 393 1743 611 1798; x_wconf 80' lang='lat' dir='ltr'>nomiue;</span> <span class='ocrx_word' id='word_1_141' title='bbox 649 1742 731 1788; x_wconf 81' lang='lat' dir='ltr'>sed</span> <span class='ocrx_word' id='word_1_142' title='bbox 769 1743 919 1805; x_wconf 87' lang='lat' dir='ltr'>priori</span> <span class='ocrx_word' id='word_1_143' title='bbox 950 1741 1086 1787; x_wconf 80' lang='lat' dir='ltr'>affixa</span> <span class='ocrx_word' id='word_1_144' title='bbox 1120 1741 1321 1805; x_wconf 77' lang='lat' dir='ltr'>plagula,</span> <span class='ocrx_word' id='word_1_145' title='bbox 1350 1736 1424 1787; x_wconf 66' lang='lat' dir='ltr'>‘at-</span> 
     </span>
     <span class='ocr_line' id='line_1_24' title="bbox 177 1806 1424 1874; baseline -0.001 -20"><span class='ocrx_word' id='word_1_146' title='bbox 177 1828 269 1874; x_wconf 89' lang='lat' dir='ltr'>que</span> <span class='ocrx_word' id='word_1_147' title='bbox 317 1826 463 1854; x_wconf 80' lang='lat' dir='ltr'>manu</span> <span class='ocrx_word' id='word_1_148' title='bbox 508 1809 697 1854; x_wconf 80' lang='lat' dir='ltr'>Linnaei</span> <span class='ocrx_word' id='word_1_149' title='bbox 737 1810 973 1866; x_wconf 79' lang='lat' dir='ltr'>numeriz)</span> <span class='ocrx_word' id='word_1_150' title='bbox 1009 1809 1038 1851; x_wconf 87' lang='grc'><em>6</em></span> <span class='ocrx_word' id='word_1_151' title='bbox 1074 1809 1162 1871; x_wconf 86' lang='lat' dir='ltr'>(et)</span> <span class='ocrx_word' id='word_1_152' title='bbox 1203 1806 1232 1852; x_wconf 86' lang='lat'>7</span> <span class='ocrx_word' id='word_1_153' title='bbox 1270 1810 1424 1874; x_wconf 86' lang='lat' dir='ltr'>(cujus</span> 
     </span>
     <span class='ocr_line' id='line_1_25' title="bbox 178 1874 1423 1940; baseline -0.002 -18"><span class='ocrx_word' id='word_1_154' title='bbox 178 1876 454 1940; x_wconf 81' lang='lat' dir='ltr'>posterioris</span> <span class='ocrx_word' id='word_1_155' title='bbox 491 1876 775 1936; x_wconf 78' lang='lat' dir='ltr'>significatio</span> <span class='ocrx_word' id='word_1_156' title='bbox 818 1875 956 1931; x_wconf 81' lang='lat' dir='ltr'>latet3</span> <span class='ocrx_word' id='word_1_157' title='bbox 1002 1876 1146 1920; x_wconf 80' lang='lat' dir='ltr'>etiam</span> <span class='ocrx_word' id='word_1_158' title='bbox 1188 1874 1300 1921; x_wconf 88' lang='lat' dir='ltr'>huic</span> <span class='ocrx_word' id='word_1_159' title='bbox 1337 1874 1423 1919; x_wconf 77' lang='lat' dir='ltr'>ad-</span> 
     </span>
     <span class='ocr_line' id='line_1_26' title="bbox 179 1940 776 1999; baseline -0.002 -12"><span class='ocrx_word' id='word_1_160' title='bbox 179 1943 311 1988; x_wconf 79' lang='lat' dir='ltr'>ditus</span> <span class='ocrx_word' id='word_1_161' title='bbox 349 1951 419 1987; x_wconf 81' lang='lat' dir='ltr'>est</span> <span class='ocrx_word' id='word_1_162' title='bbox 457 1941 632 1999; x_wconf 82' lang='lat' dir='ltr'>locus:)</span> <span class='ocrx_word' id='word_1_163' title='bbox 668 1940 776 1986; x_wconf 82' lang='lat' dir='ltr'>Gotl.</span> 
     </span>
    </p>

    <p class='ocr_par' dir='ltr' id='par_1_7' title="bbox 175 2017 1423 2472">
     <span class='ocr_line' id='line_1_27' title="bbox 245 2017 1423 2082; baseline -0.003 -18"><span class='ocrx_word' id='word_1_164' title='bbox 245 2020 495 2082; x_wconf 85' lang='lat' dir='ltr'>Specimen</span> <span class='ocrx_word' id='word_1_165' title='bbox 538 2017 675 2064; x_wconf 81' lang='lat' dir='ltr'>valde</span> <span class='ocrx_word' id='word_1_166' title='bbox 714 2035 954 2072; x_wconf 82' lang='lat' dir='ltr'>mancum,</span> <span class='ocrx_word' id='word_1_167' title='bbox 986 2025 1173 2080; x_wconf 78' lang='lat' dir='ltr'>partem</span> <span class='ocrx_word' id='word_1_168' title='bbox 1204 2025 1423 2061; x_wconf 76' lang='lat' dir='ltr'>tantum-</span> 
     </span>
     <span class='ocr_line' id='line_1_28' title="bbox 179 2081 1420 2147; baseline -0.002 -18"><span class='ocrx_word' id='word_1_169' title='bbox 179 2085 323 2130; x_wconf 82' lang='lat' dir='ltr'>modo</span> <span class='ocrx_word' id='word_1_170' title='bbox 379 2084 611 2147; x_wconf 56' lang='lat' dir='ltr'>panniculae</span> <span class='ocrx_word' id='word_1_171' title='bbox 667 2084 888 2129; x_wconf 77' lang='lat' dir='ltr'>floriferae</span> <span class='ocrx_word' id='word_1_172' title='bbox 943 2100 1192 2146; x_wconf 83' lang='lat' dir='ltr'>unumque</span> <span class='ocrx_word' id='word_1_173' title='bbox 1248 2081 1420 2127; x_wconf 83' lang='lat' dir='ltr'>folium</span> 
     </span>
     <span class='ocr_line' id='line_1_29' title="bbox 177 2148 1420 2213; baseline -0.003 -16"><span class='ocrx_word' id='word_1_174' title='bbox 177 2150 425 2204; x_wconf 76' lang='lat' dir='ltr'>exhibens,</span> <span class='ocrx_word' id='word_1_175' title='bbox 480 2167 626 2213; x_wconf 82' lang='lat' dir='ltr'>quare</span> <span class='ocrx_word' id='word_1_176' title='bbox 685 2152 764 2195; x_wconf 78' lang='lat' dir='ltr'>vix</span> <span class='ocrx_word' id='word_1_177' title='bbox 811 2159 964 2213; x_wconf 75' lang='lat' dir='ltr'>potest</span> <span class='ocrx_word' id='word_1_178' title='bbox 1012 2166 1098 2212; x_wconf 86' lang='lat' dir='ltr'>pro</span> <span class='ocrx_word' id='word_1_179' title='bbox 1142 2158 1272 2194; x_wconf 86' lang='lat' dir='ltr'>certo</span> <span class='ocrx_word' id='word_1_180' title='bbox 1308 2148 1420 2203; x_wconf 79' lang='lat' dir='ltr'>clici,</span> 
     </span>
     <span class='ocr_line' id='line_1_30' title="bbox 176 2215 1419 2281; baseline -0.003 -18"><span class='ocrx_word' id='word_1_181' title='bbox 176 2218 233 2263; x_wconf 78' lang='lat' dir='ltr'>ad</span> <span class='ocrx_word' id='word_1_182' title='bbox 274 2234 416 2281; x_wconf 79' lang='lat' dir='ltr'>quam</span> <span class='ocrx_word' id='word_1_183' title='bbox 455 2233 512 2261; x_wconf 84' lang='lat' dir='ltr'>ex</span> <span class='ocrx_word' id='word_1_184' title='bbox 550 2218 710 2262; x_wconf 71' lang='lat' dir='ltr'>minore</span> <span class='ocrx_word' id='word_1_185' title='bbox 751 2217 982 2261; x_wconf 64' lang='lat' dir='ltr'>Lirmoeano</span> <span class='ocrx_word' id='word_1_186' title='bbox 1012 2216 1182 2261; x_wconf 81' lang='lat' dir='ltr'>factam</span> <span class='ocrx_word' id='word_1_187' title='bbox 1212 2215 1419 2278; x_wconf 86' lang='lat' dir='ltr'>speciem</span> 
     </span>
     <span class='ocr_line' id='line_1_31' title="bbox 177 2280 1419 2348; baseline -0.004 -18"><span class='ocrx_word' id='word_1_188' title='bbox 177 2286 428 2348; x_wconf 77' lang='lat' dir='ltr'>pertineat.</span> <span class='ocrx_word' id='word_1_189' title='bbox 499 2283 672 2328; x_wconf 85' lang='lat' dir='ltr'>Forma</span> <span class='ocrx_word' id='word_1_190' title='bbox 722 2292 882 2328; x_wconf 66' lang='lat' dir='ltr'>tannen</span> <span class='ocrx_word' id='word_1_191' title='bbox 932 2281 1205 2327; x_wconf 84' lang='lat' dir='ltr'>foliolorum</span> <span class='ocrx_word' id='word_1_192' title='bbox 1252 2280 1419 2327; x_wconf 79' lang='lat' dir='ltr'>eadem</span> 
     </span>
     <span class='ocr_line' id='line_1_32' title="bbox 175 2346 1419 2412; baseline -0.003 -15"><span class='ocrx_word' id='word_1_193' title='bbox 175 2360 246 2397; x_wconf 86' lang='lat' dir='ltr'>est</span> <span class='ocrx_word' id='word_1_194' title='bbox 282 2368 334 2396; x_wconf 83' lang='lat' dir='ltr'>ac</span> <span class='ocrx_word' id='word_1_195' title='bbox 371 2352 421 2395; x_wconf 92' lang='lat' dir='ltr'>iu</span> <span class='ocrx_word' id='word_1_196' title='bbox 461 2350 633 2412; x_wconf 83' lang='lat' dir='ltr'>priore,</span> <span class='ocrx_word' id='word_1_197' title='bbox 663 2351 688 2395; x_wconf 94' lang='lat' dir='ltr'>i.</span> <span class='ocrx_word' id='word_1_198' title='bbox 718 2367 755 2395; x_wconf 89' lang='lat' dir='ltr'>e.</span> <span class='ocrx_word' id='word_1_199' title='bbox 784 2348 1100 2403; x_wconf 77' lang='lat' dir='ltr'>subrotunda,</span> <span class='ocrx_word' id='word_1_200' title='bbox 1135 2347 1259 2394; x_wconf 84' lang='lat' dir='ltr'>lobis</span> <span class='ocrx_word' id='word_1_201' title='bbox 1288 2346 1419 2394; x_wconf 81' lang='lat'>3-5</span> 
     </span>
     <span class='ocr_line' id='line_1_33' title="bbox 181 2413 1156 2472; baseline -0.003 -9"><span class='ocrx_word' id='word_1_202' title='bbox 181 2418 399 2472; x_wconf 84' lang='lat' dir='ltr'>minutis,</span> <span class='ocrx_word' id='word_1_203' title='bbox 437 2416 790 2462; x_wconf 77' lang='lat' dir='ltr'>obtusiusculis.</span> <span class='ocrx_word' id='word_1_204' title='bbox 1144 2413 1156 2419; x_wconf 69' lang='lat'><strong><em>‘</em></strong></span> 
     </span>
    </p>
   </div>
   <div class='ocr_carea' id='block_1_7' title="bbox 111 2511 1418 2645">
    <p class='ocr_par' dir='ltr' id='par_1_8' title="bbox 111 2511 1418 2645">
     <span class='ocr_line' id='line_1_34' title="bbox 111 2511 1418 2580; baseline -0.005 -19"><span class='ocrx_word' id='word_1_205' title='bbox 111 2515 182 2580; x_wconf 68' lang='lat'>(4)</span> <span class='ocrx_word' id='word_1_206' title='bbox 220 2518 362 2561; x_wconf 77' lang='lat' dir='ltr'><em>minus</em></span> <span class='ocrx_word' id='word_1_207' title='bbox 398 2518 428 2560; x_wconf 83' lang='lat'><strong><em>8</em></strong></span> <span class='ocrx_word' id='word_1_208' title='bbox 464 2516 632 2580; x_wconf 78' lang='lat' dir='ltr'>(manu</span> <span class='ocrx_word' id='word_1_209' title='bbox 671 2532 856 2579; x_wconf 81' lang='lat' dir='ltr'>propr.;</span> <span class='ocrx_word' id='word_1_210' title='bbox 894 2532 988 2578; x_wconf 79' lang='lat' dir='ltr'>quo</span> <span class='ocrx_word' id='word_1_211' title='bbox 1027 2529 1256 2559; x_wconf 81' lang='lat' dir='ltr'>numerus</span> <span class='ocrx_word' id='word_1_212' title='bbox 1288 2511 1418 2556; x_wconf 84' lang='lat' dir='ltr'>hicce</span> 
     </span>
     <span class='ocr_line' id='line_1_35' title="bbox 179 2579 1306 2645; baseline -0.003 -20"><span class='ocrx_word' id='word_1_213' title='bbox 179 2592 372 2645; x_wconf 78' lang='lat' dir='ltr'>spectet,</span> <span class='ocrx_word' id='word_1_214' title='bbox 413 2583 539 2628; x_wconf 77' lang='lat' dir='ltr'>haud</span> <span class='ocrx_word' id='word_1_215' title='bbox 581 2582 741 2638; x_wconf 75' lang='lat' dir='ltr'>video3</span> <span class='ocrx_word' id='word_1_216' title='bbox 783 2581 910 2627; x_wconf 77' lang='lat' dir='ltr'>locus</span> <span class='ocrx_word' id='word_1_217' title='bbox 946 2582 1104 2626; x_wconf 74' lang='lat' dir='ltr'>omnis</span> <span class='ocrx_word' id='word_1_218' title='bbox 1142 2579 1306 2639; x_wconf 77' lang='lat' dir='ltr'>deest).</span> 
     </span>
    </p>
   </div>
  </div>
 </body>
</html>
