1742 3016
1251 121 1345 169 165

176 249 220 286 et
256 239 456 285 duarum
497 237 708 300 proxime
743 236 1039 300 sequentium
1069 253 1211 299 quum
1242 235 1417 299 optime

177 307 482 357 ‹mnfirmant3
545 311 735 365 excepta
800 302 925 346 enim
993 303 1171 348 ratione
1233 311 1418 346 tantum

176 390 386 424 sexuum,
421 371 583 417 ceteris
619 385 805 433 prorsus
841 367 1063 413 omnibus
1102 370 1218 414 inter
1247 386 1291 413 se
1324 379 1420 413 tam

180 439 346 484 similia
383 446 504 488 sunt,
544 444 592 480 ut
630 451 765 480 nemo
803 434 893 478 fere
928 434 1180 488 dubitaret,
1216 436 1331 498 quin
1367 451 1422 480 ex

179 506 337 551 eadem
397 502 558 548 arbore
605 501 716 546 lectu
765 501 873 544 sint.
943 501 1143 564 Insuper
1182 503 1425 564 praesentis

183 571 380 635 plagulae
416 569 666 631 specimen,
704 567 843 630 quod,
880 578 1116 630 quantum
1145 585 1201 612 ex
1229 567 1425 613 adnota-

187 635 389 682 tionibus
423 632 616 697 quidem
656 634 807 678 citatis
843 634 1235 686 concludendum,
1263 635 1423 679 eodem

185 707 280 768 jure
324 718 376 746 ac
422 716 616 763 sequens
664 717 745 762 pro
795 716 897 744 vera
924 700 1228 762 §leermaplzrock
1267 700 1429 746 haberi

187 777 348 834 potest,
384 775 568 812 amenta
608 764 836 828 floresque
876 775 967 811 tota
1010 767 1208 812 feminea
1249 775 1428 812 tantum

186 833 389 885 exhibet,
421 833 616 895 ideoque
639 849 692 876 nc
714 833 979 878 charactere
1006 833 1216 896 quidem,
1240 834 1284 878 in
1308 850 1430 897 oper.

187 903 325 947 Linn.
384 900 476 945 fere
522 898 615 944 solo
659 900 889 944 essentiali
930 899 1103 954 habito,
1141 919 1162 944 a
1203 900 1349 946 forma
1387 898 1434 945 S.

186 967 438 1031 peutanclrae
476 966 794 1028 vulgatissima
834 965 1005 1012 differt.

114 1057 195 1123 (2)
232 1055 614 1118 hermaphroditica
653 1057 673 1098 ‘l
711 1060 790 1115 (m.
830 1071 984 1118 propr.
1021 1065 1157 1120 atque
1187 1057 1357 1102 iterum
1389 1058 1436 1101 in

196 1124 360 1188 pagina
397 1122 541 1167 altera
556 1122 586 1184 :)
621 1120 750 1167 Salia:
786 1121 1144 1183 hermaphrodita.

264 1202 462 1246 Amenta
501 1198 693 1262 quidem
733 1201 886 1245 omnia
928 1209 974 1244 et
1013 1209 1104 1245 tota
1142 1201 1188 1245 in
1230 1201 1314 1247 hoc
1337 1217 1440 1265 spe-

198 1267 306 1313 cim.
343 1265 614 1327 androgyna
652 1276 774 1319 sunt,
812 1267 954 1311 ternis
991 1267 1249 1313 staminum
1288 1270 1336 1313 in
1367 1268 1440 1332 pi-

198 1333 319 1379 stilla
369 1334 575 1385 mutatis,
621 1332 741 1377 binis
782 1333 919 1378 modo
957 1333 1159 1378 formam
1201 1352 1330 1380 suam
1372 1352 1442 1380 re-

202 1398 476 1453 tinentibus,
513 1398 593 1444 sed
630 1399 754 1462 qnod
793 1401 849 1445 ad
887 1410 1031 1446 cetera
1068 1402 1238 1454 omnia,
1275 1411 1325 1447 ut
1350 1404 1440 1465 jam

200 1467 422 1521 indicavi,
449 1474 494 1510 et
523 1466 810 1512 antecedenti
837 1475 881 1512 et
908 1472 1121 1531 sequenti
1143 1467 1441 1514 simillimum

203 1544 284 1579 est.
357 1532 691 1590 Quamobrem,
742 1534 883 1598 idque
929 1551 981 1579 eo
1026 1537 1167 1597 magis
1202 1535 1326 1598 quod
1365 1551 1446 1580 au-

204 1611 305 1646 ctor
340 1599 503 1662 speciei
544 1600 640 1663 ipse
675 1617 771 1646 eam
813 1600 982 1646 malam
1022 1603 1279 1662 agnoverit,
1324 1603 1447 1664 opti-

207 1685 276 1712 ma
322 1675 366 1711 et
411 1664 500 1710 sola
546 1665 735 1728 quidem
776 1676 897 1713 recta
939 1666 1149 1713 habenda
1186 1677 1254 1714 est
1289 1669 1448 1731 opinio

204 1731 575 1793 Wahlenbergii,
611 1732 660 1776 in
697 1749 838 1795 quam
869 1737 953 1795 jam
985 1734 1197 1798 plerique
1227 1736 1448 1781 Auctores

205 1799 528 1852 discesserunt,
581 1815 747 1862 nempe
791 1799 835 1846 S.
882 1801 1318 1863 hermaphroditicam
1357 1801 1449 1847 for-

211 1883 337 1911 mam
396 1873 577 1909 tantum
626 1876 932 1912 monstrosam
972 1867 1014 1914 S.
1053 1869 1303 1930 pentandrae
1341 1884 1448 1915 esse.

143 1955 212 2018 (3)
248 1952 489 2014 pentandra
539 1952 570 1997 5
616 1954 694 2014 (m.
739 1971 918 2018 propr.;
961 1965 1099 2018 atque
1137 1973 1276 2001 mann
1312 1955 1451 2002 colle-

211 2019 364 2069 ctoris,
403 2018 449 2062 in
488 2018 669 2064 diversa
707 2022 878 2066 chartae
909 2023 1079 2085 parte:)
1113 2021 1242 2068 Saliae
1269 2032 1453 2085 pentan-

214 2085 295 2131 <Ira
344 2082 451 2130 Flor.
501 2085 604 2147 Lap.
641 2084 748 2130 570.
806 2087 901 2131 Mas
937 2097 973 2132 et
1007 2089 1180 2150 semina.
1216 2117 1284 2126 —
1319 2087 1452 2134 Gmel.

215 2170 255 2196 η.
296 2147 324 2194 7
362 2150 500 2214 (infra
530 2152 654 2216 quod
686 2169 825 2198 manu
855 2154 1037 2200 Linnaei
1067 2156 1318 2219 repetitum
1348 2156 1453 2220 esu)

218 2217 488 2264 Pentandra.
616 2227 618 2229 '

288 2293 386 2339 Hoc
438 2295 588 2340 solum
635 2296 756 2341 inter
799 2297 1068 2360 specimina,
1104 2315 1209 2362 quae
1246 2298 1334 2344 sub
1372 2299 1458 2345 hoc

220 2361 408 2407 nomine
462 2363 510 2407 in
557 2362 685 2408 herb.
733 2374 1044 2418 asservantur,
1080 2367 1136 2410 ad
1177 2366 1376 2411 formam
1413 2366 1458 2412 S.

218 2428 470 2489 pentandroe
513 2430 631 2475 Λυσι.
676 2447 974 2476 communem
1014 2433 1236 2495 pertinet3
1271 2432 1461 2478 eadem-

221 2511 313 2604 (μαι)
367 2513 461 2559 prae
513 2497 680 2542 ceteris
733 2516 755 2541 a
801 2498 997 2543 Linnaeo
1043 2515 1127 2562 pro
1168 2517 1270 2544 vera
1309 2499 1462 2561 agnita

229 2561 292 2604 vi(
311 2567 427 2606 etur.
