1742 3016
355 135 447 183 102

415 244 476 290 de
513 253 668 290 cetero
703 245 943 299 convenit,
979 245 1184 290 stamina
1220 253 1378 290 autem
1416 252 1529 290 sunt
1563 261 1641 290 co-

415 309 535 356 rolla
575 310 799 373 longiora,
836 310 887 356 id
923 311 1049 374 qnod
1089 312 1174 356 etsi
1214 310 1354 356 hodie
1393 311 1524 374 parvi
1559 310 1639 354 ha-

417 375 585 421 beatur
621 378 869 431 momenti,
898 376 1024 439 apud
1053 378 1304 422 Linnaeum
1340 385 1498 422 tamen
1528 375 1642 420 alias

417 451 606 487 tantum
657 441 855 488 valuisse
903 442 1107 498 videtur,
1159 452 1205 487 ut
1244 442 1335 488 huc
1374 443 1454 487 vix
1491 442 1641 504 speci—

415 524 525 553 men
584 508 723 554 hocce
775 507 1028 563 retulisset,
1073 510 1110 554 si
1149 509 1411 554 accuratius
1447 506 1495 553 id
1535 523 1642 570 per·
1684 512 1687 518 ’

413 582 648 620 scrutatus
684 583 817 620 esset.
889 573 977 620 Vel
1009 574 1459 620 concludendumne
1487 581 1557 618 est
1585 589 1643 618 ex

414 639 516 693 hoc,
561 641 830 694 Linnaeum,
875 657 1024 704 quum
1070 642 1118 686 in
1159 640 1377 685 herbario
1415 640 1502 685 hoc
1538 655 1644 702 spe-

411 707 570 751 cimen
630 707 874 761 insereret,
931 715 1090 751 notam
1145 706 1280 752 illam
1344 705 1469 751 haud
1529 721 1643 750 con-

411 780 617 817 stantem
657 776 933 849 agnosceie'?
970 801 1034 806 —
1068 772 1218 831 Quale
1258 781 1415 817 tamen
1455 787 1643 834 cunque

416 837 503 883 hoc
556 847 639 892 est,
685 839 844 883 omnia
890 841 987 903 ejus
1024 838 1149 884 dicti
1187 847 1337 883 cetera
1377 839 1425 883 in
1464 838 1538 900 Sp.
1579 835 1643 880 Pl.

416 903 476 949 de
512 903 905 966 1⁷11.9entili‚cum
944 907 1120 949 αιυεηεὶ
1154 913 1437 966 compalata,
1466 903 1525 948 de
1556 902 1643 947 lioc

415 986 602 1032 quoque
655 971 916 1031 specimine
973 969 1145 1014 valent.
1220 971 1288 1014 Ex
1339 986 1448 1014 vero
1483 968 1644 1013 deter-

415 1035 763 1079 minationibus
808 1034 1152 1079 recentioribus
1199 1034 1286 1079 hoc
1326 1034 1454 1078 idem
1493 1034 1645 1096 speci-

416 1116 525 1144 men
574 1099 822 1145 manifeste
868 1100 927 1145 ad
976 1099 1153 1146 Mentlzoe
1198 1100 1394 1145 aroensis
1440 1099 1641 1145 formam

415 1166 640 1228 pertinet,
676 1182 780 1228 quae
816 1167 986 1227 riparia
1017 1166 1099 1217 Fr„
1129 1182 1208 1211 seu
1236 1165 1429 1227 ylabrata
1463 1166 1644 1220 Hartm„

415 1231 464 1277 id
512 1231 642 1294 quod
688 1233 967 1294 opinionem
1002 1232 1200 1277 illorum
1237 1241 1486 1277 auctorum
1523 1247 1645 1276 non-

415 1297 541 1342 nihil
576 1296 801 1359 adjuvare
843 1298 1046 1352 videtur,
1083 1301 1162 1361 qui
1207 1297 1405 1361 qemi-'lem
1438 1298 1557 1342 Linn.
1586 1295 1645 1341 ab

414 1364 588 1408 arvensi
640 1380 734 1408 non
788 1364 1026 1410 diversam
1085 1364 1399 1422 habuerunt.-
1435 1364 1490 1409 In
1538 1379 1645 1408 sen-

414 1430 614 1474 tentiam
656 1439 813 1475 tamen
855 1430 994 1475 talem
1024 1447 1117 1493 quo
1146 1432 1304 1476 minus
1331 1429 1645 1482 discedamus,

417 1504 588 1558 praeter
625 1495 715 1540 alia
753 1496 1104 1559 impedimento
1141 1506 1209 1542 est
1245 1496 1486 1559 specimen
1525 1511 1645 1558 prae-

417 1560 603 1615 cedens,
650 1562 791 1624 quod,
837 1572 1070 1624 quantum
1119 1580 1175 1607 ex
1213 1562 1467 1624 adscriptis
1503 1570 1644 1622 atque

418 1628 542 1671 notis
589 1628 702 1689 ipsis
747 1629 972 1689 ejusdem,
1010 1645 1118 1673 cum
1157 1628 1477 1689 descriptione
1513 1642 1644 1671 com-

417 1693 605 1755 paratis,
645 1693 867 1738 concludi
906 1692 1028 1745 licet,
1064 1693 1228 1738 eodem
1266 1701 1392 1738 certe
1423 1694 1535 1756 jure,
1569 1689 1643 1736 vel

416 1759 559 1803 ctiam
609 1761 797 1823 majore,
842 1775 929 1822 pro
976 1775 1081 1804 vera
1119 1757 1268 1820 qentili
1307 1759 1426 1803 Linn.
1464 1757 1643 1803 liaben-

415 1823 532 1868 dum
571 1833 654 1869 est.

281 1931 392 1978 736.
431 1933 644 1978 STACHYS.

350 2020 417 2084 (3)
454 2019 603 2081 alpina
639 2019 670 2064 5
705 2019 866 2082 (manu
907 2023 1098 2084 propr.).

482 2086 619 2144 Quod
674 2087 732 2131 ad
789 2087 953 2132 faciem
1010 2097 1257 2132 externam
1312 2086 1499 2140 attinet,
1548 2101 1642 2130 non

417 2154 577 2197 minus
614 2169 757 2216 quam
795 2153 853 2197 ad
892 2153 1184 2198 characteres
1220 2169 1397 2205 omnes,
1434 2159 1503 2197 est
1536 2166 1641 2195 vera

417 2217 461 2264 S.
516 2218 680 2279 alpina.
725 2218 911 2281 qualem
961 2236 1016 2264 ex
1056 2221 1242 2280 Europa
1286 2217 1438 2262 media
1475 2225 1523 2261 et
1558 2233 1641 2260 au-

414 2284 547 2328 strali
583 2287 771 2329 missam
796 2285 1037 2338 habemus,
1068 2284 1215 2329 nuliis
1239 2300 1347 2328 cum
1371 2282 1535 2327 formis
1553 2281 1641 2341 syl-

417 2350 565 2394 vaticae
595 2349 952 2395 luxuriantibus
977 2348 1335 2423 confundenda3
1374 2347 1500 2393 locus
1532 2363 1641 2392 vero

420 2414 578 2460 nullus
613 2415 880 2478 adscriptus
917 2425 1000 2468 est,
1037 2418 1181 2478 quare
1219 2416 1266 2459 in
1308 2413 1464 2458 medio
1493 2411 1641 2458 relin-

416 2481 678 2544 quendum,
694 2490 852 2525 utrum
879 2481 963 2525 hoc
979 2482 1215 2543 specimen
1241 2479 1433 2525 forsitan
1456 2480 1517 2524 sit
1537 2496 1641 2524 sue-

419 2549 588 2602 cicnm,
618 2565 692 2599 an,
722 2546 1344 2610 ulqnod1)t›tiiisc·i··ctleics,
1371 2555 1639 2592 exter1.iu1n
