1742 3016
308 172 372 216 92
414 143 421 157 ⁸

376 283 497 326 Rosoe
541 281 771 341 spinosis&
809 279 935 343 qnod
976 278 1171 342 quidem
1211 280 1494 325 confirmare
1536 283 1604 326 vi—

375 347 531 401 detur,
570 348 821 392 Linnaeum
861 348 1016 408 ipsum
1058 346 1151 400 haS,
1190 347 1401 408 primum
1442 346 1603 392 diver—

373 429 444 458 sas
499 411 681 457 habitas
736 413 922 466 formam,
977 410 1152 456 deinde
1199 413 1514 474 conjunxisse.
1555 422 1604 457 nt

375 480 487 541 ipse,
526 481 617 541 jam
659 479 903 524 Halleruni
946 477 1120 532 fecisse,
1151 477 1332 522 indicat
1361 485 1427 535 (v.
1459 478 1604 522 Mant.

376 562 417 607 p.
456 544 586 598 399).

303 633 371 695 (7)
406 630 746 694 pimpinellilolia
792 636 868 691 (m.
917 647 1094 693 propr.;
1141 647 1162 673 a
1201 629 1408 674 Smithio
1444 640 1600 675 autern

375 707 613 743 mutatum
651 708 720 743 est
757 699 805 742 in
820 698 849 760 :)
887 697 1180 757 spinosissima
1216 694 1330 740 JES.

440 765 513 809 Ex
559 762 782 809 omnibus
828 762 1043 825 partibus
1089 761 1250 807 eadem
1291 771 1359 807 est
1395 779 1447 806 ac
1484 779 1603 825 pra*—

371 829 553 875 cedens.

302 918 381 976 (8)
418 917 563 962 villosa
615 916 645 960 5
699 919 865 977 (manu
903 933 1082 979 propr.;
1122 924 1225 977 post
1260 916 1387 977 quod
1428 932 1600 961 nomen

370 985 463 1028 Sm.
493 983 731 1039 addidits)
762 982 823 1027 Fl.
853 982 970 1027 suec.
1000 982 1060 1026 ed.
1080 983 1111 1024 2
1131 998 1172 1041 p.
1193 981 1292 1025 465.
1330 982 1410 1037 (In
1433 983 1598 1043 pagina

370 1049 517 1093 altera
574 1057 643 1092 est
697 1064 839 1091 manu
887 1047 1072 1092 Linnaei
1113 1046 1284 1102 locusz)
1321 1045 1481 1092 Aclcero‘
1517 1047 1601 1092 Sa-

367 1114 643 1158 dermanniae.
699 1110 868 1157 Osbeck.

438 1192 501 1235 Et
553 1189 681 1252 quod
735 1188 793 1234 ad
849 1187 1069 1233 habitum
1121 1197 1167 1233 et
1211 1187 1269 1232 ad
1308 1187 1601 1235 characteres

368 1266 438 1302 est
476 1257 523 1300 R.
563 1265 789 1300 contentosa
824 1254 944 1300 Auct.
983 1253 1197 1315 complur„
1235 1271 1303 1299 ex.
1339 1271 1403 1315 gr.
1435 1255 1599 1301 Hartm.

368 1322 434 1368 Fl.
483 1320 636 1366 Scand.
674 1322 733 1366 ecl.
769 1321 800 1364 3
835 1331 871 1365 et
909 1321 948 1373 4,
987 1337 1065 1365 seu
1103 1319 1351 1364 mollissima
1390 1321 1522 1373 Fries,
1561 1331 1598 1366 et

370 1390 537 1433 Hartm.
575 1387 634 1432 ed.
670 1386 713 1436 5,
744 1386 855 1432 licet
892 1404 999 1432 cum
1032 1387 1352 1448 descriptione
1379 1387 1516 1431 Linn.
1548 1389 1597 1432 in

366 1454 436 1500 Fl.
493 1455 618 1498 Suec.
662 1453 731 1498 ed.
771 1453 800 1498 2
836 1463 881 1498 et
920 1455 1062 1498 Mant.
1103 1470 1143 1514 p.
1183 1452 1279 1496 399
1318 1451 1404 1497 hoc
1446 1455 1596 1514 speci-

367 1537 475 1565 men
506 1535 693 1581 quoqne
730 1521 911 1582 optime
941 1519 1208 1572 conveniat,
1241 1518 1439 1581 ideoque
1471 1519 1594 1564 haud

364 1586 509 1631 dubie
550 1602 655 1629 vera
697 1587 837 1630 fuerit
874 1588 970 1649 ejus
1006 1585 1057 1629 R.
1096 1583 1253 1629 villosa.

231 1695 340 1743 653.
382 1696 537 1751 ΒυΒυε.

297 1781 367 1843 (2)
399 1781 631 1842 fruticosus
683 1787 850 1838 (manu
907 1797 1087 1843 propn,
1140 1796 1270 1842 aeqne
1323 1797 1374 1825 ac
1422 1779 1591 1843 locus:)

366 1847 550 1892 maclam.

430 1923 751 1986 Descriptioni
797 1924 846 1967 in
895 1922 964 1968 Fl.
1002 1923 1129 1967 Suec.
1168 1922 1239 1967 etl.
1277 1924 1306 1968 2
1343 1922 1402 1966 (le
1438 1931 1593 1968 cetero

362 1989 560 2052 quidem
600 1989 866 2051 respondet,
906 1988 1063 2034 foliola
1105 2005 1213 2033 vero
1249 1996 1362 2032 sunt
1397 1989 1591 2033 omnia

363 2054 586 2118 petiolata
640 2064 687 2100 et
740 2054 906 2100 subtus
959 2056 1141 2109 incana,
1185 2063 1325 2116 atque
1361 2054 1592 2099 interme-—

363 2121 499 2165 dium
526 2120 896 2166 sub-obovatum
926 2122 1032 2182 (nec
1060 2120 1460 2175 »coi-datum»);
1488 2135 1592 2182 quae

365 2195 522 2232 tamen
562 2185 750 2231 nullum
779 2186 981 2231 dubium
1021 2203 1212 2231 movere
1241 2194 1450 2248 possunt,
1471 2186 1588 2247 quin

363 2252 461 2297 haec
497 2269 684 2315 qnoque
712 2252 877 2307 forma,
908 2253 1038 2315 quasi
1063 2251 1314 2317 permultae
1333 2250 1450 2302 aliae,
1479 2267 1589 2294 cum

353 2317 551 2379 fruticoso
596 2319 740 2363 fuerit
786 2336 808 2362 a
855 2320 1053 2363 Linnaeo
1089 2319 1351 2380 conjuncta.
1422 2316 1469 2360 Si
1507 2333 1589 2360 au-

362 2391 474 2438 tem,
528 2384 586 2428 ad
642 2400 784 2445 qifflm
841 2385 1104 2446 specierum
1164 2383 1310 2427 nostri
1359 2382 1588 2443 temporis

363 2465 723 2494 numerosarum
773 2449 859 2494 hoc
896 2449 1136 2512 specimen
1175 2448 1423 2510 pertineat,
1462 2447 1588 2511 diju-

361 2515 518 2560 dicare
571 2531 813 2568 conemur,
872 2514 917 2559 id
966 2531 1023 2558 ex
1059 2513 1407 2559 scandinavicis
1443 2513 1501 2558 ad
1540 2514 1586 2558 R.

1214 2577 1455 2623 discolorem
