1742 3016
1286 145 1378 192 139

218 263 528 317 brevissimis,
562 262 682 317 latis,
711 260 905 315 obtusis,
937 259 1188 324 ligulisque
1224 258 1448 305 omnibus

217 332 444 377 distincte
480 329 705 384 dentatis,
744 328 980 392 plerisque
1011 327 1299 378 triclemaiis,
1331 343 1448 391 prae-

215 401 351 463 cipue
393 414 501 443 vero
528 396 656 450 facie,
695 395 754 441 ob
783 394 979 441 herbam
1012 393 1190 458 pluries
1223 393 1448 440 humilio-

214 484 314 512 iem
352 475 398 511 et
437 473 590 528 partes
626 480 790 509 omnes
827 463 1062 508 firmiores
1099 460 1264 508 aliena.

150 557 220 621 (3)
257 552 940 615 Chamomzlla5(m.prop1.)

282 623 494 668 Omnino
530 630 598 666 est
637 619 802 672 forma,
838 618 962 683 apud
997 635 1079 664 nos
1111 617 1448 681 vulgatissima,

216 691 270 735 M.
310 687 597 736 Chamomzlloe
640 687 775 732 Auctt.

148 779 208 839 (4)
244 776 553 824 suaveolens?
522 795 547 821 α
589 776 671 842 (m.
705 794 880 841 p10p1·.,
910 785 1051 840 atque
1079 776 1128 821 in
1160 776 1325 840 pagina
1350 774 1449 838 pla—

212 846 332 908 gulae
368 845 530 900 alteia,
569 863 728 899 m3nu‚
769 854 819 889 ut
861 844 1064 897 videtur,
1101 841 1295 908 3lienaz)
1340 842 1449 889 Cha-

213 913 451 959 mcemelum
488 913 711 958 modorum
747 929 953 957 amanum.

280 983 319 1028 A
359 982 514 1045 priore
551 989 691 1044 atque
728 979 787 1025 ab
824 980 957 1025 omni
994 980 1140 1042 igitur
1177 979 1234 1024 M.
1272 978 1448 1025 Chamo-

213 1048 469 1095 millaffnota
502 1047 665 1094 differt
701 1046 810 1103 sola,
849 1064 953 1111 quae
979 1048 1030 1093 in
1062 1045 1131 1092 Fl.
1161 1047 1290 1093 Suec.
1311 1045 1448 1091 affer-

216 1127 306 1171 tur,
347 1133 516 1179 nempe
554 1114 714 1178 ligulis
752 1113 962 1169 deflexis,
1001 1131 1105 1178 quae
1133 1115 1277 1159 etiam
1308 1111 1447 1159 solito

218 1186 423 1230 minores
444 1192 490 1229 et
511 1183 710 1228 rariores
730 1191 841 1227 sunt
902 1182 1083 1228 Ceteris
1111 1191 1271 1227 autem
1292 1181 1448 1226 omni-

215 1251 301 1296 bus
338 1260 477 1315 atque
514 1259 609 1295 tota
649 1249 763 1295 facie
801 1250 949 1313 piioii
988 1248 1237 1295 simillima
1270 1258 1352 1303 est,
1383 1249 1446 1293 ita

219 1328 268 1364 nt
304 1335 493 1364 summo
530 1320 629 1382 juie
666 1316 738 1362 illi
782 1317 1036 1362 videantur
1073 1317 1230 1392 egisse,
1269 1317 1351 1379 qui
1389 1315 1446 1361 M.

213 1385 518 1431 suaveolentem
549 1383 608 1430 Fl
638 1383 756 1430 Suec
789 1385 989 1430 minime
1016 1385 1183 1448 specie,
1216 1384 1295 1430 vix
1314 1384 1446 1447 quasi

221 1454 511 1507 v3riet3tem,
549 1471 570 1497 3
611 1453 667 1497 M.
706 1450 980 1497 Chamomilla
1017 1452 1257 1498 diversam
1297 1450 1440 1496 habu-

214 1522 352 1568 erint.
424 1521 647 1566 Formam
702 1528 861 1565 exacte
907 1519 1108 1565 eandem
1155 1520 1254 1583 ipse
1302 1535 1447 1582 prope

213 1587 461 1636 Gevaliam
500 1586 603 1649 legi.
676 1587 869 1632 Dictum
906 1586 1102 1632 Sinithii
1141 1587 1189 1631 in
1228 1585 1298 1632 Fl.
1328 1587 1446 1631 Brit.

217 1674 255 1719 p.
293 1656 402 1707 9313,
447 1652 755 1699 suaveolentem
792 1671 813 1698 3
852 1652 1129 1700 Chamomilla
1164 1653 1443 1699 distinctam

215 1740 310 1769 esse
346 1723 564 1785 speciem,
603 1720 684 1766 tali
717 1729 905 1766 tantum
936 1721 1078 1767 modo
1104 1720 1331 1785 explicari
1363 1738 1445 1784 po-

216 1799 318 1841 test,
376 1798 424 1834 ut
477 1788 574 1841 ille,
621 1789 803 1834 ratione
853 1790 932 1834 vix
973 1787 1130 1834 habita
1169 1789 1445 1852 speciminis

217 1857 288 1903 vel
328 1856 490 1902 formae
521 1856 780 1920 praesentis,
811 1857 860 1902 in
882 1865 1043 1902 mente
1065 1854 1285 1902 habuerit
1307 1855 1444 1919 plan—

216 1935 310 1970 tam
358 1925 553 1969 omnino
598 1923 756 1979 aliam,
802 1923 955 1987 qualis
999 1924 1293 1969 mentionem
1335 1922 1445 1969 fecit

214 1990 424 2038 Kochius
462 1992 510 2036 in
549 1992 661 2054 Syn.
701 1991 774 2036 ed.
813 1990 856 2046 2,
895 2009 937 2055 p.
974 1990 1085 2038 416.

85 2114 227 2161 1017;
267 2115 513 2160 Aenum-m.

147 2213 243 2261 Sub
297 2216 491 2260 nomine
543 2214 592 2260 A.
646 2212 794 2259 nobilis
845 2212 940 2258 duo
996 2211 1098 2258 heic
1140 2221 1442 2258 asservantur

213 2283 487 2345 specimina,
533 2280 673 2327 ambo
721 2296 844 2331 vero,
892 2289 942 2326 ut
977 2296 1033 2326 ex
1070 2279 1323 2343 adscriptis
1361 2296 1441 2344 pa-

216 2358 295 2404 tet,
333 2350 383 2395 in
421 2348 571 2394 Horto
607 2349 722 2413 Ups.
758 2346 898 2403 culta,
935 2364 1080 2411 quare
1109 2345 1234 2393 nihil
1261 2345 1342 2392 illa
1371 2346 1441 2392 as-

215 2415 375 2462 serunt
418 2417 477 2462 ad
526 2416 681 2462 locum
729 2414 865 2480 hujus
901 2414 1078 2480 plantae
1121 2414 1376 2471 scanicum‚
1415 2432 1438 2460 a

214 2484 413 2530 Rosenio
448 2483 730 2538 indicatum,
768 2481 1109 2529 illustrandum
1149 2481 1439 2528 confirman-

145 2575 150 2579 -
215 2550 406 2598 dumve.
473 2551 718 2615 (Ceterum
772 2549 832 2596 de
877 2551 934 2597 iis
979 2549 1085 2597 vide
1122 2558 1306 2614 partem
1345 2548 1437 2612 huj.

215 2618 439 2664 Enumer.
476 2617 709 2681 alteram).
