1742 3016
1345 157 1410 204 23

232 267 346 326 (Sui.
381 265 577 312 demum
615 275 718 330 post
755 282 923 311 nomen
962 267 1191 332 addidiu)
1219 285 1301 315 non
1329 285 1477 322 verum

233 334 428 396 Cyperus
463 330 699 379 minimus?

303 411 462 457 Facies
501 410 596 455 fere
630 407 791 455 eadem
839 425 893 455 ac
937 410 1137 474 caespitis
1184 413 1372 476 majoris
1407 411 1473 459 Sc.

233 479 389 523 setacei
424 477 469 522 in
507 476 666 521 Suecia
705 476 1039 538 provenientis,
1076 480 1209 540 cujus
1240 480 1476 526 characte-

236 560 306 590 res
358 544 500 588 etiam
549 541 691 588 habet
739 549 932 594 ceteros,
971 543 1057 587 nisi
1107 546 1230 607 quod
1275 545 1475 591 bracteae

230 611 407 674 spicam
448 625 572 654 nunc
606 607 881 662 solitariam,
918 625 1044 654 nunc
1084 608 1217 656 binas
1262 621 1477 658 ternasve

235 677 310 722 vix
348 674 594 730 excedant,
633 691 893 739 numquam
925 684 1055 721 certo
1076 676 1223 741 duplo
1247 678 1477 740 longiores

228 743 335 795 sint,
390 751 436 786 et
488 742 613 805 quod
669 743 845 787 semina
892 743 986 787 sint
1035 759 1128 789 non
1165 752 1358 801 costata,
1395 745 1474 790 sed

232 817 466 873 punctata·
517 808 654 866 Quod
693 808 997 854 observatum
1034 809 1225 856 Sinitbii
1268 811 1475 874 primum

229 874 426 940 probare
465 875 665 928 videtur,
711 876 969 939 specimina
1019 893 1112 922 non
1152 878 1245 923 veri
1277 893 1375 922 esse
1410 876 1478 924 Sc.

232 943 397 994 semmei,
433 941 612 988 etiamsi
649 940 950 988 observatum
988 942 1194 1006 ejusdem
1235 945 1478 1007 posterius,

229 1025 262 1055 s.
303 1025 474 1055 nomen
515 1009 810 1073 propositum
850 1009 956 1071 Cyp.
986 1011 1160 1056 minimi
1195 1012 1275 1056 vix
1298 1020 1478 1056 rectum

232 1076 433 1130 videtur,
470 1092 616 1139 quum
656 1076 830 1138 glumae
869 1075 1154 1141 undique,
1200 1094 1287 1123 nec
1334 1075 1480 1123 bisa-

232 1143 372 1188 riam
429 1142 689 1189 imbricatae
741 1143 797 1188 ael
854 1141 1076 1205 Scz'rpum,
1124 1160 1214 1189 non
1261 1144 1479 1206 Cyperum

232 1210 520 1274 pertineant.

163 1298 270 1364 (10)
307 1297 375 1344 Sc.
422 1306 610 1343 setaceus
644 1298 808 1363 (manu
861 1314 1015 1362 propr.
1054 1297 1170 1345 facta
1210 1297 1479 1346 emendatio

231 1381 316 1429 pro
337 1365 528 1410 nomine
548 1366 759 1428 primum
781 1364 891 1410 dato
919 1364 1097 1428 triflori;
1126 1365 1296 1431 locnsz)
1331 1365 1480 1412 G.B.S.

233 1441 376 1496 atque
413 1449 436 1476 a
478 1448 619 1477 manu
657 1430 857 1494 alienaz)
894 1430 1076 1494 Scirpus
1109 1431 1249 1477 culmo
1275 1433 1389 1478 nudo
1416 1449 1482 1478 se-

228 1507 353 1551 taceo,
410 1499 530 1560 spica
581 1497 752 1544 laterali
793 1498 986 1544 solitaria
1031 1498 1286 1563 subtriflora,
1321 1500 1482 1545 habitat

232 1564 334 1611 locis
368 1564 560 1609 humidis
595 1565 714 1609 intra
753 1564 885 1610 valles
919 1566 1141 1611 montium.
1216 1566 1336 1628 (Hoc
1383 1566 1485 1612 loco

234 1631 378 1677 etiam
417 1647 440 1676 a
480 1631 596 1682 Sm.‚
637 1640 744 1694 post
782 1647 971 1686 nomen,
1008 1630 1224 1677 additum
1241 1631 1271 1697 z)
1296 1649 1379 1677 non
1412 1648 1483 1678 ve-

234 1713 336 1751 rus;
371 1697 566 1760 Cyperus
601 1698 824 1745 minimus.

304 1774 417 1821 Haec
454 1791 546 1820 non
585 1775 745 1820 minus
785 1774 916 1828 facie,
944 1791 1084 1840 quam
1121 1774 1484 1828 characteribus,

238 1859 262 1888 a
298 1840 366 1888 Sc.
401 1850 560 1887 setaceo
596 1841 955 1898 Scandinavico,
992 1842 1133 1888 etiam
1166 1841 1310 1905 magis
1340 1859 1484 1906 quam

237 1909 498 1973 specimina
554 1907 755 1973 plagulae
800 1908 1136 1962 antecedentis,
1175 1917 1245 1954 est
1283 1908 1485 1955 diversa.

239 1976 418 2021 Proeter
456 1974 554 2021 haec
581 1975 857 2038 specimina,
894 1974 1033 2020 ambo
1062 1985 1272 2031 externa,
1300 1974 1488 2022 nullum

238 2050 309 2088 est
346 2042 396 2087 in
433 2040 652 2087 herbario
689 2044 925 2104 specimen
962 2040 1030 2087 Sc.
1068 2043 1219 2087 setacei

309 2118 473 2182 Neque
530 2119 648 2163 inter
701 2120 876 2184 species
922 2118 1057 2183 hujus
1102 2119 1305 2164 Generis
1342 2121 1491 2184 speci-

250 2186 372 2231 mina
412 2184 508 2230 ulla
545 2184 691 2248 Scir-pi
725 2187 890 2233 Cario-is
926 2186 1047 2232 Reiz.
1083 2194 1135 2231 et.
1169 2185 1310 2231 Auctc.
1337 2196 1494 2233 recent.

245 2261 557 2298 asservantur.

114 2362 194 2410 72.
247 2363 566 2409 Emopflonum.

184 2452 250 2515 (2)
285 2451 587 2515 polystacltyon
621 2453 654 2497 2
690 2450 851 2512 (manu
895 2454 1071 2516 propr.)

319 2530 587 2594 Specimina
646 2530 747 2582 tria,
801 2547 1002 2594 quorum
1059 2529 1153 2575 duo
1201 2531 1377 2592 juniora
1419 2533 1499 2577 vix

254 2595 469 2650 florifera,
525 2597 647 2643 foliis
702 2597 853 2659 longis
906 2598 1130 2659 angustis,
1179 2598 1227 2642 in
1276 2614 1366 2642 uno
1403 2597 1501 2645 fere
